2690 4169
849 301 1283 358 EPISTOLAE,
1333 303 1383 360 1,
1431 317 1618 350 xvnl.
1690 331 1694 334 >
2121 303 2211 350 381

251 417 412 474 Dum
438 416 566 475 vult
593 415 848 473 libertas
874 415 995 472 dici
1027 435 1194 473 mera
1216 435 1482 495 veraque
1504 417 1723 476 virtuS.

251 496 463 553 Virtus
495 506 589 553 est
617 494 881 552 medium
911 494 1199 553 vitiorum
1232 508 1291 554 et
1316 496 1602 574 utrinque
1631 496 2006 555 reductum0.

251 574 449 644 Alter,
473 574 537 632 in
568 575 929 652 obsequium
960 574 1100 652 plus
1127 595 1297 653 aequo
1328 594 1588 655 pronus,
1624 589 1682 633 et
1712 575 1817 633 imi
2143 576 2218 634 10

254 653 518 712 Derisor
547 653 711 723 lecti,
749 653 838 711 sic
864 666 1075 711 nutum
1108 655 1319 713 divitis
1352 654 1628 725 horret⁷,

259 734 361 793 Sic
390 733 569 790 iterat
590 751 774 792 voces
807 745 866 790 et
892 734 1082 791 verba
1111 734 1388 792 cadentia
1417 734 1639 804 tollit⁸,
1722 782 1725 786 Α

257 812 340 871 Ut
367 831 627 891 puerum
660 831 818 870 saevo
849 814 1065 870 credas
1096 812 1322 871 dictata
1350 813 1647 893 magistro

258 892 567 961 Reddere,
593 891 690 951 vel
720 901 928 969 partes
959 892 1206 950 mimum
1236 904 1499 951 tractare
1532 892 1891 952 secundas⁹.

257 970 434 1030 Alter
462 971 694 1029 rixatur
718 972 792 1028 de
818 970 956 1028 lana
986 990 1147 1048 saepe
1178 973 1517 1050 caprina¹⁰‚
2146 973 2223 1031 15

260 1051 622 1129 Propugnat
647 1050 829 1129 nugis
862 1063 1127 1109 armatus
1162 1072 1175 1107 ε
1215 1074 1242 1106 c<
1279 1050 1549 1120 Scilicet,
1585 1063 1649 1110 ut
1678 1071 1802 1110 non

264 1131 356 1190 Sit
385 1130 533 1187 mihi
562 1130 761 1207 prima
786 1129 999 1187 fides11
1037 1142 1095 1187 et
1121 1150 1266 1190 vere
1299 1132 1463 1208 quod
1492 1131 1691 1208 placet
1719 1143 1785 1189 ut
1815 1151 1939 1189 non

264 1210 506 1269 Acriter
537 1210 807 1278 elatrem,
842 1207 1104 1286 pretium
1137 1221 1279 1267 aetas
1313 1209 1501 1267 altera
1529 1211 1822 1268 sordetffl.
1865 1234 1892 1265 2>

264 1288 612 1369 Ambigitur
641 1288 788 1366 quid
819 1288 1020 1345 enim?
1053 1287 1274 1347 Castor
1300 1289 1453 1348 sciat
1482 1310 1556 1347 an
1586 1289 1821 1348 Docilis
1852 1291 1990 1367 plus
2009 1291 2085 1360 13;

264 1368 684 1428 Brundusium
711 1367 944 1425 Minuci
976 1367 1194 1426 melius
1217 1367 1318 1427 via
1348 1370 1528 1427 ducat
1558 1389 1632 1426 an
1660 1368 1823 1448 Appi
1848 1370 1920 1427 ¹⁴.
2145 1370 2227 1428 20

344 1448 538 1521 Quem
568 1449 860 1505 damnosa
890 1446 1119 1517 VenuS,
1150 1467 1327 1524 quem
1356 1468 1630 1527 praeceps
1664 1450 1792 1506 alea
1819 1450 2029 1518 nudat,

265 1527 479 1586 Gloria
508 1546 686 1605 quem
720 1545 906 1602 supra
931 1525 1097 1584 vires
1129 1537 1189 1583 et
1215 1528 1400 1585 vestit
1431 1538 1490 1585 et
1517 1529 1819 1606 ung-unffi,

267 1607 460 1680 Quem
491 1616 657 1664 tenet
685 1604 922 1683 argenti
956 1604 1093 1662 sitis
1121 1604 1534 1681 importuna16
1567 1608 1898 1684 famesque,

268 1686 460 1760 Quem
487 1683 867 1763 paupertatis
888 1684 935 1717 ¹⁷
966 1685 1168 1762 pudor
1192 1696 1251 1741 et
1272 1686 1436 1764 fuga,
1469 1685 1644 1744 dives
1675 1686 1904 1744 amicus

264 1859 351 1904 tait
365 1873 452 1901 une
469 1853 672 1901 muniere
692 1858 750 1899 de
765 1869 816 1899 se
837 1856 1135 1900 debari-asser
1150 1856 1213 1900 du

266 1913 371 1956 soin
390 1909 694 1954 d'entretenir
717 1922 769 1952 sa
783 1909 1043 1953 chevelure.

318 1970 357 2008 6.
387 1965 636 2006 Reductum
667 1963 872 2017 (ductum
908 1965 1066 2015 retro),
1129 1975 1215 2006 our

267 2019 326 2061 ab
346 2024 536 2072 atroque
574 2022 776 2058 extremo
812 2023 1054 2058 remotum.
1117 2022 1213 2059 ette

268 2070 508 2115 definition
535 2070 591 2113 de
609 2069 653 2111 la
671 2076 808 2113 ver-tu
820 2075 893 2112 est
908 2069 1024 2113 tiree
1041 2069 1214 2113 d'Aris-

266 2132 364 2169 tote
397 2124 604 2179 (Ethiqae
625 2120 655 2164 ἀ
682 2124 973 2178 Nicomaque,
999 2125 1055 2177 11,
1083 2125 1138 2176 6).
1162 2146 1215 2155 —

266 2188 480 2234 Medium,
501 2174 735 2238 μεσότης,
795 2184 895 2225 oint
917 2183 1092 2226 central
1111 2185 1215 2237 (en-

266 2249 340 2284 tre
359 2240 428 2281 les
444 2239 626 2280 defauts
647 2238 913 2290 extremes),
927 2238 954 2277 a
972 2236 1103 2292 egalc
1120 2236 1216 2279 dis-

267 2301 401 2337 tance
420 2292 479 2334 de
503 2291 597 2333 l'un
611 2296 659 2333 et
683 2291 740 2331 de
758 2288 934 2332 l'autre.

321 2351 360 2388 ’1.
403 2347 512 2388 Plus
559 2356 684 2398 aequo
724 2355 914 2397 pronus.
942 2344 1053 2384 Plus
1088 2355 1215 2397 oequo

268 2413 378 2442 avec
408 2411 470 2440 un
491 2397 677 2452 adjectis
697 2410 721 2436 a
745 2397 818 2437 ete
838 2394 941 2449 deja
956 2396 1215 2437 roncontre.

275 2457 323 2496 V.
343 2451 472 2494 Liste
499 2450 542 2492 al
578 2448 735 2491 habeti
773 2461 828 2490 ue
852 2448 936 2489 des
963 2447 1217 2502 particula-

269 2506 382 2549 rites
405 2505 463 2547 de
482 2503 527 2545 la
549 2514 719 2566 ‘angue
773 2500 980 2542 ’Horace.
1002 2522 1055 2532 —·
1069 2502 1216 2565 ‘Der-i·-

269 2571 449 2653 ‘v⁰.”’s3¹t¹3
467 2556 1218 2661 ¹1²1¹f¹¹31²3¹1¹f315t⁶5332²1es{5325}ss

270 2663 463 2706 Porcius
488 2667 535 2704 et
558 2664 617 2704 de
631 2663 965 2703 Nomentanus.
980 2682 1029 2688 —
1050 2662 1218 2699 Horret

270 2727 460 2770 marque
486 2728 547 2756 un
579 2719 765 2776 respect
787 2712 1031 2767 religieux.

325 2772 365 2811 8.
396 2773 552 2814 Iterat,
577 2769 736 2823 repete
749 2766 820 2808 les
834 2764 1017 2820 paroles
1037 2764 1100 2805 du
1112 2765 1222 2804 mai-

269 2828 358 2865 tre.
393 2843 446 2853 —
480 2821 639 2866 Tollit,
682 2819 851 2862 releve.
891 2842 935 2849 —
965 2817 1218 2865 cadentia,

274 2875 354 2940 qui
373 2873 613 2981 ›tombent
654 2873 666 2924 (
686 2885 795 2914 sans
833 2870 996 2913 attirer
1034 2870 1221 2912 l’atten-

270 2935 371 2973 tion
392 2958 403 2969 .

323 2984 360 3023 9.
392 2984 555 3021 Partes
566 2980 805 3020 secundas.
831 2983 876 3020 V.
894 2976 988 3021 Sat.
1007 2979 1043 3028 1,
1069 2988 1131 3027 tx,
1151 2978 1219 3017 46.

323 3038 389 3077 10.
420 3037 485 3075 De
514 3034 628 3074 lana
654 3032 871 3085 capritza,
907 3029 1083 3072 c.-a-d.
1103 3041 1223 3083 pour

275 3087 360 3130 des
396 3084 666 3135 niaiseries,
698 3096 783 3138 par
815 3082 1028 3138 exemplo
1060 3094 1142 3123 sur
1178 3081 1222 3122 la

273 3140 490 3195 question
520 3137 731 3180 suivante
759 3151 768 3177 :
797 3136 1004 3178 Peut-on
1042 3136 1221 3176 donner

270 3191 315 3235 16
334 3205 443 3235 nom
464 3192 524 3233 de
546 3190 668 3232 lainc
691 3200 748 3229 au
772 3188 868 3243 poil
890 3190 947 3230 de
966 3188 1010 3229 la
1024 3185 1222 3230 chevre'x‘

272 3245 333 3288 Ce
359 3257 470 3288 vers
500 3256 552 3287 se
582 3242 645 3284 lie
672 3241 764 3283 mal
784 3254 894 3283 avec
926 3240 970 3282 le
1006 3241 1219 3293 suivant3

271 3299 422 3341 Mur-et
452 3296 575 3338 avait
597 3295 802 3350 propos&
838 3295 1037 3342 νίωατον,
1096 3307 1150 3335 ue
1178 3292 1221 3334 le

271 3350 386 3392 Pere
420 3349 634 3393 Sanadon
666 3354 714 3390 et
738 3348 798 3388 M.
834 3346 1020 3400 Kruger
1037 3360 1061 3387 a
1100 3351 1221 3389 met-

271 3409 402 3454 tent3
424 3402 614 3443 Dubner
631 3399 830 3443 termine
851 3398 894 3440 16
920 3411 1031 3441 vers
1050 3413 1135 3454 par
1153 3406 1225 3446 et,-

271 3456 390 3497 mais
415 3468 490 3497 ces
512 3452 797 3497 corrections
814 3464 871 3492 ne
893 3457 1002 3493 sont
1021 3465 1110 3506 que
1129 3465 1221 3507 pu-

272 3521 347 3552 res
370 3509 672 3563 conjectures.

324 3565 392 3605 11.
423 3564 482 3605 Ut
511 3572 652 3602 non...
672 3558 711 3601 11
743 3557 940 3599 reclame
969 3555 1222 3611 vigoureu-

271 3620 454 3658 sument
471 3614 515 3656 le
530 3612 655 3655 droit
674 3612 817 3654 d'etre
841 3622 923 3651 cru
950 3621 1030 3650 sur
1047 3609 1218 3664 parole.

1271 1862 1327 1901 Ut
1349 1872 1439 1900 non
1454 1859 1640 1914 depend
1665 1859 1725 1901 de
1741 1859 1896 1901 sordet
1926 1864 1974 1902 et
2002 1858 2189 1913 signifie
2213 1873 2226 1900 τ

1267 1911 1294 1952 ὲ
1326 1911 1567 1954 condition
1599 1924 1688 1967 que
1720 1924 1778 1955 ne
1814 1924 1915 1966 pas.
1941 1934 1994 1944 —
2031 1913 2228 1962 Scilicet,

1268 1964 1409 2018 qu’on
1431 1964 1476 2007 le
1500 1965 1638 2007 sache
1656 1963 1782 2008 bien.

1321 2029 1388 2068 12.
1407 2028 1535 2082 Quod
1554 2027 1705 2079 (mihi)
1719 2027 1890 2078 placet,
1910 2038 2018 2067 mon
2036 2024 2155 2068 avis.
2178 2047 2224 2057 -

1276 2083 1397 2128 Vere,
1429 2079 1869 2132 raisonnablement,
1898 2079 2031 2122 selon
2063 2078 2108 2121 la
2138 2079 2226 2122 νό-

1269 2133 1375 2175 rite'.
1396 2156 1443 2164 -
1467 2134 1639 2175 sordet.
1667 2138 1714 2175 V.
1741 2145 1793 2174 ce
1812 2139 1910 2175 mot
1930 2133 2058 2187 Epit.
2089 2143 2153 2184 xx,
2184 2135 2222 2172 4.

1270 2186 1309 2229 11
1353 2191 1466 2229 veut
1506 2186 1607 2229 dire
1640 2202 1650 2228 ε
1696 2199 1755 2228 en
1790 2185 1898 2228 vain
1937 2199 2011 2228 me
2049 2197 2227 2240 propo-

1271 2239 1498 2282 serait-on
1512 2241 1570 2282 de
1589 2252 1665 2282 mo
1686 2240 1865 2281 donner
1880 2240 2088 2293 (comme)
2115 2238 2226 2293 prix

1274 2295 1347 2347 (de
1360 2306 1435 2334 ma
1446 2292 1798 2348 complaisance)
1813 2304 1979 2335 encore
1996 2306 2084 2335 une
2098 2298 2228 2333 autre

1270 2347 1362 2398 vie,
1382 2359 1501 2401 pour
1520 2360 1595 2388 me
1618 2346 1731 2387 faire
1759 2344 1999 2389 consentit·
2030 2346 2056 2386 ὲ
2084 2344 2228 2387 n'etre

1271 2412 1357 2454 pas
1380 2413 1476 2450 cru,
1503 2405 1592 2441 etc.

1325 2464 1392 2503 13.
1425 2464 1604 2510 Castor,
1639 2462 1824 2508 Docilis,
1860 2472 1995 2501 noms
2027 2459 2086 2501 de
2122 2458 2229 2514 gla-

1273 2513 1479 2556 diateurs
1499 2526 1557 2555 en
1573 2524 1738 2568 vogue.
1769 2513 2041 2563 Castor-(ne).
2063 2533 2116 2542 -
2135 2512 2229 2553 m-

1272 2568 1490 2619 nucime).

1326 2631 1393 2670 14.
1421 2629 1596 2670 Minuci
1619 2629 1708 2669 νία.
1739 2627 1883 2670 Outre
1912 2626 1955 2666 la
1985 2625 2091 2668 voie
2127 2626 2166 2666 A
2203 2648 2229 2657 -

1308 2679 1974 2785 *zffizsszzzffffgsssszffffiffff
1984 2677 2173 2784 1θεὶῗῦ
2205 2680 2230 2719 ‘²¹

1276 2801 1334 2830 en
1352 2787 1476 2829 avait
1495 2799 1582 2828 une
1602 2792 1732 2828 autre
1750 2785 1832 2839 qui
1854 2784 1977 2826 avait
1996 2762 2070 2825 cite*
2088 2744 2231 2826 601ιεῖ

1274 2841 1418 2883 truite
1436 2853 1521 2896 par
1548 2839 1654 2884 Tib.
1684 2838 1913 2881 Minucius
1944 2836 2230 2891 Augurinus,

1277 2894 1439 2936 consul
1459 2906 1516 2935 en
1533 2895 1609 2934 449
1636 2894 1728 2955 (305
1746 2897 1884 2934 avant
1911 2892 1937 2933 J
1942 2890 2071 2943 .-C.).
2102 2890 2234 2933 Cette

1277 2953 1409 2990 route
1429 2950 1676 2989 traversait
1693 2944 1762 2987 les
1791 2950 2069 2999 montagnes
2099 2943 2157 2985 de
2189 2942 2235 2984 la

1279 2999 1447 3043 Sabine
1466 3006 1513 3043 et
1532 3000 1595 3041 du
1615 2997 1866 3042 Samnium.

1328 3066 1392 3104 15.
1429 3066 1687 3103 ·Damnosa
1761 3065 1926 3111 Venus,
1987 3062 2239 3102 couteuses

1275 3128 1477 3158 amours.
1502 3137 1549 3146 —
1577 3117 1796 3168 Praeceps,
1829 3125 1919 3154 aux
1955 3118 2122 3168 pentes
2156 3124 2237 3152 ra-

1275 3169 1429 3223 pides.
1455 3192 1507 3200 —
1542 3168 1714 3214 Gloria,
1745 3166 1975 3221 l'orgueil.
2008 3188 2052 3196 —
2093 3166 2232 3210 Vires,

1277 3234 1355 3264 ses
1374 3233 1580 3276 moyens.
1611 3243 1655 3251 —
1691 3220 1850 3261 Gloria
1880 3220 2024 3267 vestit,
2054 3228 2240 3258 comme

1276 3288 1331 3315 au
1365 3288 1410 3315 v.
1443 3277 1495 3314 25
1526 3273 1585 3316 de
1617 3272 1799 3327 l’epitre
1821 3272 2115 3327 precedente,
2138 3279 2236 3322 pa-

1278 3329 1444 3369 tientia
1465 3328 1598 3368 velat.
1627 3330 1672 3367 V.
1697 3337 1862 3367 encore
1887 3324 2046 3378 gloria
2079 3320 2173 3365 Sat.
2196 3322 2238 3372 1,

1277 3392 1340 3431 Vl,
1357 3383 1420 3419 23.
1439 3401 1483 3410 -
1501 3380 1686 3431 Unguit,
1709 3376 1890 3421 nourrit
1910 3375 2239 3419 delicatement

1277 3446 1337 3476 ou
1355 3436 1660 3486 grassement.

1329 3497 1396 3535 16.
1433 3496 1719 3545 Importuna,
1740 3503 1851 3534 sans
1868 3492 1994 3545 port,
2018 3499 2129 3530 sans
2152 3485 2236 3540 fin,

1276 3544 1532 3589 insatiahle.

1332 3611 1397 3648 17.
1417 3607 1728 3659 Paupertatis.
1751 3609 1797 3647 V.
1811 3599 2180 3658 pauperies.0d.
2198 3602 2236 3650 1,
