2690 4169
516 258 601 307 35(

1142 257 1545 307 EPISTOLAE
1571 295 1583 312 ,
1634 262 1673 316 1,
1728 276 1838 310 vn.

516 372 676 431 Dum
706 371 916 450 pueris
948 371 1146 429 omnis
1178 384 1353 450 pater
1383 385 1442 431 et
1460 374 1793 434 matercula
1822 375 2029 452 pallet,

517 451 927 528 Officiosaque
961 450 1255 510 sedulitas
1285 464 1345 511 et
1373 452 1575 529 opella
1603 454 1870 512 forensis

514 530 784 589 Adducit
814 531 1016 588 febres
1042 542 1103 587 et
1128 540 1490 589 testamenta
1518 532 1794 612 resignat
1806 534 1847 590 ³.

516 609 696 683 Quod
727 610 779 667 si
810 611 1025 667 bruma
1054 609 1227 668 nives
1257 608 1515 668 Albanis
1546 610 1742 671 illinet
1771 613 1960 691 agriS‚

2402 619 2476 677 10

513 688 608 748 Ad
639 708 802 746 mare
835 689 1168 747 descendet
1187 700 1360 748 vates
1389 690 1590 760 tuus⁴,
1621 703 1680 748 et
1704 691 1824 749 sibi
1852 704 2083 770 parcet,

514 767 1004 847 Contractusque
1033 768 1261 846 leget53
1295 780 1377 839 te,
1412 768 1611 828 dulcis
1643 771 1853 840 amice,
1887 771 2115 830 reviset

513 845 667 905 Cum
697 845 1020 925 ZephyriS,
1056 849 1109 904 si
1141 848 1465 915 concedeS,
1497 859 1556 905 et
1585 848 1912 907 hirundine
1944 850 2161 927 prima.

593 926 731 985 Non
761 945 881 1003 quo
907 945 1075 983 more
1105 927 1262 1004 piris
1291 926 1459 985 vesci
1494 925 1753 987 Calaber
1773 927 1948 1007 jubet
1977 929 2204 1008 hospes

511 1005 603 1065 Tu
629 1025 725 1063 me
756 1005 953 1062 fecisti
982 1004 1348 1083 locupletem
1382 1028 1395 1063 ι
1433 1028 1460 1061 α
1492 1004 1779 1077 Vescere,
1811 1009 2016 1066 sodes,

2399 1015 2471 1071 15

509 1118 588 1130 —
613 1084 746 1143 Jam
771 1084 920 1142 satis
952 1096 1064 1142 est.
1088 1118 1168 1127 —
1195 1084 1278 1143 At
1295 1096 1361 1143 tu
1387 1097 1676 1164 quantum
1695 1087 1789 1145 vis
1820 1086 1987 1144 tolle.
2016 1122 2096 1132 -
2125 1087 2403 1168 Benigne
2420 1092 2465 1150 ⁶.

509 1198 587 1209 -
615 1162 754 1223 Non
786 1162 985 1222 invisa
1013 1163 1173 1221 feres
1194 1164 1407 1242 pueris
1437 1165 1797 1224 munuscula
1821 1167 2054 1244 parvis,

508 1277 589 1289 —
615 1243 762 1300 Tam
791 1243 1036 1299 teneor⁷
1065 1243 1228 1301 dono
1260 1262 1440 1321 quam
1472 1244 1526 1303 si
1556 1244 1825 1302 dimittar
1850 1258 2126 1303 onustus,

508 1356 587 1368 --
616 1320 698 1381 Ut
726 1321 904 1391 libet;
939 1320 1064 1379 haec
1087 1321 1297 1400 porcis
1329 1322 1512 1381 hodie
1541 1326 1916 1383 comedenda
1942 1325 2277 1405 relinques,
2314 1351 2344 1382 ι)

508 1401 822 1479 Prodigus
851 1412 911 1457 et
942 1400 1163 1458 stultus
1194 1402 1382 1459 donat
1410 1422 1542 1479 quae
1567 1404 1805 1481 spernit
1835 1416 1895 1462 et
1914 1404 2045 1462 odit
2077 1427 2090 1461 t

2388 1408 2468 1466 20

509 1479 652 1538 Haec
677 1479 894 1558 seges⁸
922 1480 1197 1558 ingratos
1222 1479 1362 1538 tulit
1390 1494 1450 1539 et
1479 1482 1631 1540 feret
1658 1483 1940 1542 omnibus
1970 1484 2166 1542 annis.

512 1558 621 1617 Vir
648 1561 850 1617 bonus
881 1571 940 1617 et
970 1558 1216 1638 sapiens
1248 1559 1456 1640 dignis
1486 1561 1569 1619 ait
1599 1581 1735 1620 esse
1763 1563 2071 1641 paratus⁹,

506 1638 636 1699 Nec
662 1650 863 1697 tamen
886 1637 1133 1716 ignorat
1158 1638 1308 1717 quid
1338 1640 1568 1698 distent
1596 1660 1717 1700 aera
1739 1639 1971 1720 lupinis
1989 1643 2061 1700 ¹⁰.

508 1823 582 1874 (de
600 1821 646 1865 la
663 1821 906 1866 deuxieme
923 1821 1191 1874 cueillette),
1212 1822 1390 1884 c.-}=-d.
1410 1821 1454 1864 16

506 1876 693 1919 dernier
711 1875 831 1917 mois
846 1875 904 1917 de
919 1874 1040 1926 l'ete,
1056 1874 1214 1917 saison
1228 1880 1326 1917 tres
1345 1874 1457 1916 mal-

505 1928 633 1972 saine
662 1929 689 1970 ὲ
718 1929 878 1971 Rome.
915 1950 961 1959 —
992 1928 1353 1982 Designatorem.
1385 1928 1457 1970 On

504 1979 1457 2089 zttsshfflffi{2¹2⁸}0ssf.233?002.5¹122fgt

505 2090 618 2136 nois,
683 2087 768 2130 rol.
790 2090 855 2140 19)
876 2100 966 2142 que
987 2084 1034 2130 le
1055 2088 1323 2140 designator
1344 2100 1456 2129 ran-

538 2141 631 2183 eait
666 2153 717 2182 es
741 2145 1045 2195 spectateurs.
1073 2140 1139 2182 Ici
1159 2140 1272 2182 c'est
1293 2153 1357 2181 un
1379 2139 1455 2181 of-

540 2194 634 2236 cier
648 2194 733 2235 des
745 2205 943 2247 pompes
954 2191 1175 2235 funebres
1193 2193 1261 2245 (V.
1281 2192 1376 2235 sat.
1394 2194 1451 2244 ΙΙ,

504 2258 569 2297 vl,
589 2247 673 2296 19),
695 2258 783 2287 une
807 2251 934 2287 sorte
953 2246 1012 2287 de
1030 2247 1194 2288 maltre
1213 2245 1298 2287 des
1320 2246 1454 2287 cere-

502 2298 683 2341 monies
712 2298 774 2339 du
798 2298 979 2340 convoi.
1008 2320 1054 2329 —-
1083 2297 1352 2348 Liuor-Ibus,
1384 2297 1454 2340 les

564 2364 622 2393 us
641 2351 719 2406 qui
740 2356 848 2393 sont
867 2362 978 2393 sous
997 2362 1075 2392 ses
1094 2352 1273 2400 ordi-es,
1290 2350 1361 2393 les
1373 2353 1455 2392 Lt-

533 2406 732 2452 itinan'i,
766 2403 970 2446 officiers
1007 2404 1065 2445 de
1101 2404 1319 2455 Libitine,
1353 2415 1452 2446 em-

501 2454 1454 2563 ἓέῗζξεᾱῖῗὲῗω-ῗθῧὲοἳίῗ’Ὧιῖξέἑῖἶῖἷῑ

501 2562 687 2606 marche
708 2576 767 2605 en
784 2575 893 2617 pom
929 2575 970 2605 e.

554 2620 595 2659 3.
624 2617 868 2666 Sedulltas,
909 2629 961 2658 es
987 2615 1176 2659 devoirs
1197 2628 1364 2658 envers
1383 2615 1453 2658 les

499 2674 709 2724 pati-ons,
725 2669 862 2722 qu’on
876 2668 1005 2711 allait
1018 2668 1170 2709 saluer
1188 2668 1231 2710 16
1249 2667 1394 2710 matin
1408 2673 1456 2710 et

501 2722 722 2764 conduire
736 2735 794 2763 au
810 2723 992 2763 Forum.
1016 2725 1063 2763 V.
1078 2734 1124 2764 v.
1137 2723 1204 2763 64.
1225 2744 1275 2752 —
1291 2722 1456 2775 Opeua

498 2778 713 2837 sasemis,
733 2774 879 2829 petits
905 2774 1094 2817 devoirs
1118 2773 1257 2828 qu’on
1280 2786 1457 2816 accom-

501 2827 873 2933 §3¹5122¹¹„{j⁰255²¹2e
893 2832 954 2921 ⁷¹21
972 2826 1228 2940 Βὲἑῑιῖιὲἒίἓ
1248 2829 1455 2921 Ξίὶῗέιῗέ

500 2939 617 3027 gant
636 2939 683 2975 et
702 2933 854 2975 donne
882 2932 926 2973 la
952 2932 1109 2976 fievre.
1139 2954 1191 2962 —-
1218 2933 1452 2984 &sig-nat,

537 2986 787 3037 ecachette,
809 2985 963 3027 c.-a·d.
988 2984 1073 3026 fait
1087 2983 1246 3026 ouvrir
1269 2983 1338 3025 les
1362 2989 1455 3025 tes-

500 3044 702 3081 taments
712 3054 725 3089 3
804 3052 828 3079 r
841 3039 1141 3092 consequent,
1158 3031 1242 3077 tait
1260 3036 1452 3079 moui-ir.

553 3094 594 3132 4.
628 3093 722 3143 Quo
770 3093 826 3132 si.
856 3094 903 3133 Si
920 3102 1109 3144 mai-que
1131 3089 1192 3129 ici
1218 3086 1264 3130 le
1282 3095 1456 3144 temp&

500 3156 680 3187 comme
694 3143 812 3186 dans
825 3142 1033 3198 Virgile:
1055 3144 1102 3184 Si
1121 3143 1276 3182 messis
1293 3143 1395 3189 erit,
1414 3145 1456 3182 sd

500 3199 670 3251 frigus.
708 3197 835 3250 Quod
867 3203 941 3238 est
971 3192 1173 3249 expletis
1178 3209 1192 3245 3
1229 3206 1290 3235 ou
1312 3194 1456 3236 disait

501 3250 560 3293 de
579 3251 728 3292 meme
745 3249 868 3304 quod
882 3261 997 3295 cum,
1019 3248 1140 3302 quod
1161 3246 1253 3288 ubi.
1270 3269 1322 3278 —
1340 3250 1456 3287 Bru-

500 3315 593 3352 ma,
630 3301 917 3344 contraction
938 3313 1057 3356 pour
1077 3300 1386 3341 brevissuma?
1410 3299 1454 3342 16

503 3357 603 3399 ‘our
629 3355 673 3396 le
728 3355 800 3396 lus
820 3358 955 3395 court
978 3353 1036 3395 de
1057 3352 1247 3394 l’annee.
1286 3357 1334 3394 V.
1364 3353 1452 3396 od.

524 3410 561 3462 1,
581 3418 643 3460 lv,
666 3411 687 3448 1
720 3437 730 3448 .
770 3426 821 3433 —-
859 3407 931 3448 Ad
953 3417 1095 3453 mare,
1118 3418 1199 3447 sur
1225 3404 1269 3446 la
1288 3405 1406 3459 cote,
1430 3407 1456 3447 a

500 3461 649 3511 velie,
674 3462 700 3501 ᾗ
720 3460 907 3502 Salerne
932 3471 993 3499 ou
1010 3459 1037 3498 a
1054 3458 1267 3500 'Parente-

553 3517 595 3555 5.
629 3518 914 3559 Contractus,
941 3510 1052 3552 bien
1077 3512 1354 3565 enveloppe,
1383 3510 1456 3553 166

500 3565 737 3608 membres
773 3566 930 3606 serres
961 3568 1124 3606 contre
1150 3563 1194 3605 16
1218 3574 1371 3617 corps.
1405 3586 1457 3595 —

1513 1828 1660 1878 Leget.
1692 1825 1763 1866 Ne
1796 1831 2105 1920 sormttfas'
2131 1825 2167 1868 il
2191 1828 2261 1869 n'a
2285 1828 2387 1871 rien
2405 1831 2466 1875 de

1511 1877 1667 1919 mieux
1691 1879 1717 1919 ἐι
1732 1877 1847 1919 faire
1872 1892 1961 1932 que
2015 1894 2039 1921 e
2056 1879 2156 1922 lire.

1563 1941 1603 1980 6.
1630 1939 1843 1992 Benigne,
1856 1947 2092 1982 sous-ent.
2105 1941 2235 1983 dicis.
2248 1943 2463 1986 Formule

1509 1989 1634 2044 polie
1673 1991 1730 2033 de
1773 1991 1925 2043 refus,
1970 2005 2147 2034 comme
2183 2007 2242 2036 en
2289 1996 2466 2039 Franco

1511 2043 1668 2097 merci,
1681 2056 1800 2088 vous
1823 2045 1923 2088 etes
1940 2050 2048 2101 trop
2067 2044 2176 2090 bon.

1563 2110 1603 2147 ⁸1.
1635 2109 1804 2148 Teneor
1821 2107 1952 2154 dono,
1969 2107 2017 2161 je
2045 2108 2145 2150 suis
2157 2114 2285 2164 tenu,
2301 2110 2464 2167 oblige

1510 2172 1594 2213 per
1611 2165 1684 2201 tes
1697 2161 1936 2221 presents.
1959 2183 2010 2191 ·-
2029 2162 2264 2211 Dimittar,
2296 2169 2344 2204 et
2367 2177 2462 2206 non

1509 2224 1595 2266 pas
1615 2226 1678 2254 un
1694 2210 1929 2265 impar-fait
1946 2226 2125 2256 comme
2149 2229 2207 2255 cn
2233 2216 2432 2267 franceis
2444 2233 2458 2269 ς

1510 2271 1584 2307 cet
1615 2264 1851 2319 impar-fait
1885 2279 1944 2308 ne
1974 2266 2085 2309 s'em
2120 2266 2211 2309 loie
2253 2281 2312 2310 en
2347 2269 2464 2313 latin

1512 2330 1600 2371 que
1619 2318 1808 2384 lorsque
1822 2317 1866 2360 le
1876 2318 2017 2361 verbe
2029 2320 2087 2362 de
2120 2332 2146 2361 a
2164 2322 2461 2376 proposition

1509 2371 1765 2424 principaie
1784 2376 1859 2412 eet
1876 2372 1900 2411 ἐι
1924 2385 1986 2413 un
2006 2377 2163 2427 temps
2188 2376 2342 2428 passe.

1561 2434 1600 2473 8.
1630 2435 1773 2484 Sages,
1795 2436 1920 2472 terre
1945 2433 2294 2487 (ensemencee).

1560 2496 1602 2534 9.
1630 2494 1810 2545 Dignis,
1829 2504 1949 2546 pour
1964 2492 2035 2534 166
2057 2506 2176 2548 gens
2195 2494 2278 2549 qui
2294 2495 2338 2537 le
2355 2497 2461 2538 me-

1508 2546 1667 2588 ritent.
1699 2567 1753 2577 —-
1787 2548 2004 2594 Paratus,
2038 2548 2148 2601 pret
2182 2548 2209 2589 ὲ
2246 2547 2433 2603 obliger
2441 2565 2455 2600 ;

1503 2612 1678 2643 comme
1716 2594 1787 2641 s'iI
1827 2611 1857 2653 y
1904 2601 2031 2642 avait
2071 2614 2111 2639 se
2152 2614 2232 2641 esse
2263 2612 2465 2654 paratum.

1510 2653 1557 2691 V.
1595 2653 1722 2705 Eptt.
1755 2664 1799 2700 V,
1841 2652 1918 2701 153
1958 2652 2092 2693 Vino.
2130 2655 2209 2693 En.
2244 2654 2307 2698 11.
2345 2654 2466 2695 377:

1501 2705 1630 2745 Sensit
1653 2705 1796 2743 medios
1814 2704 1995 2757 delapsus
2020 2707 2060 2744 in
2081 2706 2208 2746 hostes
2222 2706 2465 2761 (sous-ent·

1501 2757 1613 2810 esse),
1640 2768 1699 2798 au
1736 2756 1831 2800 lieu
1866 2757 1925 2798 de
1960 2770 2001 2796 se
2037 2759 2234 2812 delapsum
2273 2773 2382 2810 csse;
2418 2765 2469 2801 ot

1501 2821 1624 2864 page
1649 2821 1785 2858 xxxv,
1810 2821 1904 2850 παι.

1561 2881 1625 2918 10.
1657 2876 1859 2930 Lupinis.
1886 2875 2096 2929 Lot-sque
2118 2876 2235 2918 dans
2255 2889 2346 2918 une
2375 2888 2461 2918 co-

1509 2929 1659 2972 medie
1686 2941 1746 2969 on
1765 2927 1888 2969 avait
1905 2928 1931 2968 ὲ
1955 2928 2067 2970 faire
2099 2942 2160 2970 un
2181 2934 2459 2991 paventem,

1508 2995 1570 3025 on
1595 2981 1639 3023 le
1664 2980 1817 3021 saisait
1842 2993 1954 3022 avec
1982 2982 2068 3023 des
2096 2981 2143 3023 lu
2179 2993 2254 3023 ms
2277 2981 2465 3037 (espece

1510 3036 1568 3078 de
1587 3033 1694 3089 pois
1721 3035 1859 3086 sees),
1888 3046 1948 3075 en
1978 3033 2113 3089 guise
2169 3047 2194 3076 e
2224 3035 2460 3077 nonnaie.

1511 3089 1642 3131 Gette
1667 3085 1985 3140 plaisanterie‚
2023 3086 2223 3141 quoique
2261 3093 2466 3129 souvent

1511 3138 1799 3188 reneuvelee,
1819 3138 1974 3182 faisait
1988 3140 2198 3194 toujours
2223 3140 2331 3182 rire.
2360 3142 2463 3182 Ho-

1511 3205 1616 3234 race
1629 3197 1742 3234 veut
1760 3191 1861 3234 dire
1880 3204 1986 3246 que,
2005 3198 2110 3234 tout
2127 3192 2222 3234 bon
2244 3191 2357 3246 qu’il
2371 3199 2463 3243 est,

1511 3251 1584 3288 cet
1614 3245 1813 3296 homme,
1848 3258 2026 3286 comme
2055 3245 2089 3285 il
2125 3252 2200 3287 est
2235 3259 2362 3299 sage,
2402 3259 2467 3288 ne

1510 3298 1739 3362 prodigae
1754 3311 1839 3352 pas
1859 3311 1937 3340 ses
1956 3296 2175 3339 hienfaits
2194 3300 2219 3338 a
2239 3298 2325 3340 des
2378 3310 2464 3340 ens

1511 3351 1747 3406 mdignes,
1768 3358 1815 3393 et
1837 3365 1894 3391 ne
1951 3350 2045 3392 rise
2128 3363 2165 3401 s,
2191 3350 2323 3392 selon
2373 3364 2464 3393 ex-

1511 3404 1729 3460 pression
1755 3404 1815 3445 de
1833 3405 1906 3444 Mo
1928 3401 2039 3454 iere,
2087 3415 2119 3444 a
2144 3407 2300 3456 sausse
2328 3417 2465 3445 mon-

1513 3459 1619 3499 nat'e
1655 3453 1688 3499 ὰ
1715 3456 1851 3510 l'e'gal
1885 3457 1940 3496 dc
1973 3458 2023 3496 la
2061 3455 2218 3497 bonne.
2253 3457 2466 3499 D'autres

1512 3511 1766 3554 emendent
1789 3508 1903 3563 qu’il
1927 3510 2114 3551 connait
2139 3508 2183 3550 la
2210 3509 2373 3551 valeni-
2397 3509 2464 3550 de

1513 3575 1592 3606 ses
1617 3562 1853 3605 bienfaits.
