2690 4169
460 165 556 213 224

1163 166 1489 222 SATIRAE,
1541 167 1591 222 1,
1641 181 1721 213 iv.

466 279 707 359 Scripta
736 281 868 339 foro
899 281 1157 339 recitent
1187 292 1328 339 sunt
1354 279 1547 351 multi,
1582 280 1806 359 quique
1834 280 2170 339 lavantes⁴⁰
2198 303 2212 338 ι

464 358 660 419 Suave
689 359 864 418 Iocus
888 360 1026 418 voci
1055 371 1304 418 resonat
1332 359 1742 419 conelususfl.
1779 358 1999 418 Inanes

2338 363 2419 421 75

461 437 596 496 Hoc
615 436 807 517 juvat,
841 438 1001 497 haud
1028 438 1180 496 illud
1208 451 1572 517 quaerenteS‚
1604 458 1747 497 num
1778 439 1910 496 sine
1943 458 2150 510 sensu,

461 516 764 595 Tempore
793 537 935 576 num
966 519 1185 576 faciant
1212 518 1432 576 alieno.

1473 542 1501 573 α
1534 518 1782 576 Laedere
1811 521 2064 597 gaudee,

461 596 751 675 lnquitw,
786 610 845 655 et
873 597 988 655 hoc
1019 598 1221 655 studio
1250 597 1542 675 pravus⁴³
1575 597 1743 655 facis.
1782 620 1809 652 >³
1844 597 2022 656 Unde
2050 598 2305 676 petitum

460 675 595 734 Hoc
622 677 687 734 in
715 696 810 735 me
831 675 1027 755 jacis?
1057 689 1151 735 est
1179 676 1453 735 auctor⁴⁴
1482 677 1621 755 quis
1651 677 1911 755 denique
1942 695 2155 735 eorum

457 754 596 812 Vixi
628 776 760 814 cum
792 756 1052 833 quibus?
1080 754 1417 814 Absentem
1444 756 1548 834 qui
1577 757 1761 826 rodit,
1796 756 2051 814 amicum

2331 757 2415 815 80

460 835 578 908 Qui
608 855 731 893 non
762 836 1053 903 defendit,
1087 835 1205 894 alio
1236 836 1541 914 culpante,
1576 835 1812 894 solutos

459 913 578 987 Qui
610 926 807 993 captat
834 915 999 973 risus
1029 913 1339 973 hominum
1371 916 1703 992 famamque
1735 914 2048 987 dicacis⁴⁸,

458 993 721 1072 Fingere
752 994 854 1072 qui
883 1013 1008 1052 non
1034 994 1168 1053 visa
1194 1005 1422 1071 potest,
1457 994 1781 1057 commissa
1808 1006 2009 1053 tacere

458 1073 576 1147 Qui
609 1074 840 1151 nequit,
871 1071 972 1131 hic
998 1073 1238 1151 niger⁴⁶
1271 1086 1385 1142 est,
1419 1072 1580 1131 hunc
1607 1084 1672 1131 tu
1701 1073 1973 1132 Romane
2004 1086 2234 1132 caveto.

536 1151 709 1230 Saepe
739 1153 937 1210 tribus
965 1151 1140 1211 lectis
1168 1152 1380 1211 videas
1410 1172 1626 1210 cenare
1655 1153 2073 1230 quaternos‘⁷‚

456 1230 505 1289 E
535 1232 757 1309 quibus
786 1251 945 1290 unus
974 1243 1133 1290 amet
1159 1231 1374 1310 quavis
1404 1232 1778 1309 adspergere
1812 1231 2149 1302 cunctos‘⁸‚

2329 1153 2409 1211 85

454 1309 688 1369 Praeter
708 1330 842 1368 eum
864 1310 966 1388 qui
985 1312 1221 1389 praebet
1238 1329 1482 1389 aquam3
1500 1322 1667 1389 post,
1689 1310 1849 1369 hunc
1871 1331 2112 1389 quoque
2127 1323 2312 1389 potus
2327 1311 2403 1380 ⁴⁹,

454 1389 718 1448 Condita
744 1409 878 1448 cum
906 1409 1093 1449 verax
1121 1390 1317 1468 aperit
1390 1389 1685 1449 raecordia
1711 1389 1899 1448 Liber
1931 1412 1943 1446 :

453 1469 569 1526 Hic
599 1469 710 1527 tibi
741 1469 931 1528 comis
961 1482 1021 1527 et
1049 1471 1318 1528 urbanus
1372 1469 1687 1548 iberque⁵⁰
1715 1470 1958 1528 videtur

453 1547 683 1607 Infesto
712 1548 971 1626 nigris⁵¹
989 1571 1003 1619 ;
1039 1569 1178 1626 ego,
1212 1548 1266 1607 si
1295 1548 1407 1607 risi
1437 1549 1601 1627 quod
1630 1548 1875 1627 ineptus

451 1631 731 1686 Pastillos
758 1629 1011 1702 Rufillus
1039 1633 1170 1692 olet,
1211 1632 1539 1706 Gorgonius
1566 1628 1874 1698 leircumffl,

451 1705 704 1766 Lividus
729 1719 790 1765 et
816 1708 1069 1766 mordax
1089 1708 1307 1767 videor
1333 1707 1467 1766 tibi.
1501 1705 1735 1766 Mentio
1768 1707 1821 1766 si
1850 1726 1970 1786 qua

453 1785 544 1845 De
574 1786 907 1865 Capitolini
933 1787 1111 1870 furtis
1136 1785 1359 1865 injecta
1385 1786 1649 1846 Petilli⁶⁸

500 1949 564 1987 40.
607 1948 844 1988 Lavantes.
890 1947 1088 1997 Suntque
1130 1945 1266 1986 multi
1314 1946 1396 1999 qui

451 2002 656 2041 lavantes
722 1998 787 2048 (se
841 1996 1090 2049 baignant,
1147 1996 1396 2052 jusqu'aux

448 2051 598 2104 baius)
635 2051 812 2105 scripta
847 2051 1037 2091 recitent
1066 2063 1081 2090 :
1127 2049 1391 2104 subjonctif,

449 2108 476 2148 a
493 2117 628 2146 cause
648 2104 706 2145 de
725 2104 807 2157 qui
828 2102 1068 2157 signifieat
1077 2103 1294 2158 capables
1320 2105 1393 2145 de.

456 2162 502 2200 V.
535 2157 622 2200 Od.
649 2157 685 2208 I,
712 2167 743 2207 1,
766 2159 789 2196 3
816 2162 862 2197 et
884 2158 925 2197 4.

501 2213 569 2251 41.
600 2213 807 2251 ,ἵκανεν-
827 2210 1058 2255 naviter,-
1080 2221 1105 2250 a
1123 2221 1242 2263 pour
1264 2221 1396 2250 com-

484 2262 658 2305 lement
686 2261 730 2304 le
756 2261 876 2303 datis
904 2263 1012 2302 voci.
1046 2284 1098 2293 -
1134 2263 1394 2304 conclusus.

487 2329 514 2357 a
537 2315 650 2356 salle
680 2316 846 2356 vootee
871 2314 933 2356 du
964 2314 1075 2356 bain
1103 2321 1177 2357 est
1204 2314 1397 2369 propiee

450 2371 475 2410 ἐι
513 2368 614 2409 leur
648 2367 775 2408 voix.
814 2390 865 2398 —
903 2371 1081 2416 manes,
1118 2366 1312 2409 frivolos
1351 2372 1398 2409 et

447 2421 596 2473 vains,
623 2420 798 2475 esprits
828 2419 999 2475 legers.
1029 2443 1081 2451 —
1112 2420 1248 2469 Illud,
1276 2432 1399 2461 com-

449 2473 656 2529 plement
688 2473 744 2516 de
769 2480 1018 2527 quaerentes
1043 2479 1091 2515 et
1123 2473 1400 2514 antecedent

450 2528 508 2570 de
523 2540 645 2568 num.
665 2548 711 2560 -
733 2529 885 2574 Sensu,
905 2532 1128 2568 sous-ent.
1153 2527 1394 2574 communi,

450 2580 701 2623 sentiment
724 2579 808 2621 des
840 2591 1158 2621 convenenees
1184 2578 1397 2631 sociales,

447 2639 556 2677 taet.

498 2688 567 2728 42.
582 2686 751 2740 Inquit,
768 2696 843 2726 me
857 2683 1033 2737 dit-on3
1047 2697 1155 2727 sens
1163 2683 1396 2739 frequent.

498 2742 565 2781 43.
596 2739 753 2781 Studio
767 2749 959 2791 pravus,
990 2738 1017 2779 ἐι
1043 2737 1248 2789 dessein,
1271 2739 1400 2780 etant

444 2792 673 2835 mechant.

499 2848 566 2885 44.
596 2845 811 2898 Reponse
852 2841 1092 2884 d'Horace.
1148 2842 1272 2883 Unde
1315 2842 1399 2884 hoc

445 2898 601 2949 petisti
624 2904 668 2937 et
691 2897 740 2937 in
764 2907 834 2937 me
844 2896 1070 2948 J‘acisP—
1093 2895 1213 2947 Quis,
1246 2894 1397 2936 inter-

446 2948 623 3003 rogati?
641 2964 651 2990 :
679 2949 783 3003 quis
817 2960 972 2988 eorum
1003 2947 1271 3000 quibuscum
1302 2949 1398 2988 vixi

446 3007 609 3043 auctor
639 3007 706 3042 est
739 3001 878 3042 hu'us
921 3001 1128 3040 criminis
1150 3004 1169 3039 ?
1199 3022 1252 3030 —
1293 3001 1398 3041 Vixi

443 3066 548 3095 cum
581 3052 760 3107 quibus.
820 3052 1042 3094 nversion
1068 3051 1256 3094 insolite
1283 3065 1396 3094 ana-

444 3106 582 3161 logue
607 3106 634 3146 a
658 3104 774 3147 celle
807 3106 865 3146 de
899 3105 942 3146 la
974 3103 1267 3159 conjonction
1294 3118 1397 3146 cam

445 3159 507 3201 du
530 3171 575 3200 v.
602 3161 707 3199 124:
729 3159 918 3211 Flagret
938 3170 1120 3198 rumore
1145 3159 1268 3199 malo
1292 3171 1397 3199 cum

446 3212 521 3253 Ιιίο
546 3218 595 3253 at
630 3224 682 3252 ue
716 3211 823 3257 ine,-
854 3216 902 3253 et
937 3210 996 3251 de
1029 3209 1264 3253 l'adverbe
1297 3223 1394 3262 cur,

445 3264 538 3309 Sat.
560 3266 581 3307 1
608 3295 619 3315 ‚
647 3273 716 3315 ιιι,
743 3265 850 3315 187;
876 3274 959 3313 vu,
985 3266 1050 3304 78.

493 3320 561 3360 45.
598 3317 830 3370 Defendit.
876 3316 1092 3368 Quantite
1133 3316 1394 3370 archai'que.

448 3374 496 3413 V.
536 3371 624 3414 od.
664 3370 745 3432 111,
785 3379 927 3432 ιςνιιῑ,
968 3373 1026 3433 5..
1050 3392 1103 3401 —-
1139 3371 1328 3415 solutos,
1372 3370 1397 3410 ξι

441 3421 1394 3529 ἔῗὲθινΐὲξὶῗῖἔὲ’ωῖοιῗζὲῗῆηωὲἔέἒὲἑί

1451 1943 1674 1998 S'oppose
1698 1944 1724 1985 ἐι
1752 1944 1989 1993 candidus,
2013 1938 2193 1986 sincere
2212 1949 2259 1986 et
2281 1945 2398 1987 bon.

1503 1998 1570 2036 47.
1604 1996 1764 2037 Tribus
1793 1997 1968 2038 lectis...
2004 2003 2263 2051 quaternos.
2302 1999 2402 2039 Au-

1450 2053 1559 2093 tour
1584 2049 1640 2092 de
1667 2048 1711 2091 la
1734 2049 1860 2091 table
1881 2049 2053 2093 etaient
2073 2049 2193 2092 trois
2217 2049 2330 2103 lits;
2357 2050 2401 2093 le

1452 2100 1706 2157 quatrieme
1733 2103 1834 2144 cote'
1863 2102 1975 2144 etait
1999 2104 2186 2146 reserve
2214 2115 2335 2158 pour
2356 2103 2405 2146 le

1452 2154 1646 2198 service.
1672 2154 1761 2198 Sur
1779 2155 1954 2209 chaque
1973 2155 2033 2197 lit
2046 2155 2165 2198 trois
2181 2156 2401 2199 convives

1452 2207 1702 2263 pouvaient
1737 2209 1940 2262 prendre
1976 2208 2107 2263 place
2124 2240 2135 2260 ,
2178 2209 2204 2250 a
2250 2209 2294 2250 la
2332 2209 2401 2250 ri—

1451 2273 1599 2355 gueur
1621 2267 1798 2315 quatre.
1828 2263 2062 2315 Quaterni,
2092 2274 2175 2315 par
2197 2273 2402 2324 groupes

1487 2327 1510 2355 e
1571 2320 1712 2355 uatre.
1740 2318 1803 2364 V„
1829 2326 1948 2369 pour
1970 2313 2014 2354 la
2033 2313 2316 2367 disposition
2339 2315 2401 2357 du

1453 2368 1540 2408 tric
1561 2367 1720 2414 tntum,
1746 2365 1838 2410 Sat.
1866 2367 1923 2419 11,
1951 2377 2052 2417 vm,
2073 2370 2138 2408 20.

1504 2421 1571 2460 48.
1604 2420 1784 2514 quavis,
1833 2420 1891 2461 de
1939 2425 2068 2461 toute
2106 2419 2262 2471 sa90n5
2302 2419 2402 2462 seul

1453 2483 1620 2526 exemp
1642 2485 1667 2514 e
1690 2473 1748 2515 de
1776 2479 1852 2514 cet
1871 2471 2044 2535 emploi
2074 2470 2328 2515 adverbial.
2353 2495 2398 2504 —

1451 2525 1749 2619 {asper-gere.
1773 2526 1904 2568 Nous
1919 2526 2082 2567 dxsons
2104 2537 2326 2580 arranger
2342 2537 2404 2567 ou

1487 2590 1535 2618 ra
1573 2590 1637 2619 er.

1505 2591 1573 2671 421³).
1608 2631 1695 2685 Qui
1726 2630 1901 2684 praebet
1937 2642 2124 2685 aquam,
2163 2628 2282 2672 celui
2382 2629 2398 2672 i

1452 2682 1590 2726 truite
1604 2697 1617 2735 5
1644 2682 1724 2737 qui
1749 2682 1901 2724 donne
1923 2681 2039 2724 l’eau
2063 2695 2173 2725 avec
2200 2681 2336 2737 laque
2376 2696 2400 2726 e

1453 2748 1515 2777 on
1537 2747 1588 2778 se
1612 2734 1714 2778 lave
1737 2733 1811 2777 les
1829 2734 1965 2790 pieds
1991 2740 2038 2777 et
2061 2734 2131 2778 los
2155 2734 2321 2788 mains,
2350 2749 2405 2778 ce

1489 2787 1533 2829 ui
1550 2802 1606 2830 ne
1619 2787 1872 2842 l’empeche
1886 2800 1972 2842 pas
1998 2788 2056 2831 de
2072 2788 2250 2831 donner
2271 2793 2403 2831 autre

1453 2854 1478 2882 c
1543 2853 1609 2883 se.
1643 2842 1773 2882 Nous
1809 2840 1972 2883 disons
2005 2840 2126 2883 ainsi
2157 2837 2402 2883 familiare-

1451 2899 1605 2936 ment:
1634 2908 1653 2931 α
1678 2894 1832 2935 Venez
1851 2905 2042 2948 manger
2066 2896 2115 2935 la
2131 2906 2268 2949 soupe
2292 2907 2402 2937 avec

1450 2958 1584 2988 nous.
1599 2961 1619 2986 υ
1635 2968 1679 2976 -
1692 2949 1846 2996 Potus,
1862 2958 2038 2988 comme
2049 2954 2251 2997 cenatus,
2256 2958 2404 3001 pran-

1449 3011 1552 3050 sus,
1580 2999 1790 3051 juratus.
1831 2999 1903 3041 On
1926 2999 2117 3054 pouvait
2153 3012 2204 3041 se
2235 3005 2404 3042 mettre

1452 3052 1571 3093 dans
1608 3057 1682 3093 cet
1716 3052 1810 3092 etat
1847 3064 1956 3094 sans
1979 3064 2144 3107 passer
2184 3064 2305 3106 pour
2343 3064 2405 3094 un

1452 3104 1636 3146 homme
1668 3103 1860 3157 indigne
1887 3105 1945 3147 de
1981 3107 2182 3160 paraitre
2219 3104 2334 3146 dans
2358 3102 2403 3146 la

1450 3156 1604 3199 bonne
1624 3156 1811 3198 sociem.
1839 3160 1884 3198 V.
1914 3157 2007 3201 Sat.
2034 3168 2104 3209 111,
2130 3160 2196 3199 90.

1503 3213 1571 3252 50.
1599 3208 1743 3257 Liber,
1771 3209 1912 3250 franc.

1503 3265 1571 3303 51.
1601 3264 1787 3315 Infesto,
1805 3261 2023 3304 l'ennemi
2044 3262 2129 3303 des
2144 3260 2399 3304 mechants.

1502 3317 1571 3358 52.
1599 3316 1832 3364 Pastillos,
1861 3320 1950 3357 otc.
1981 3318 2027 3357 V.
2057 3313 2150 3357 Sat.
2180 3321 2229 3365 ιι,
2254 3317 2321 3355 25.

1503 3370 1571 3409 53.
1600 3369 1812 3409 Petillius
1830 3370 1895 3410 Ca
1928 3368 2131 3429 ieolingcs,
2151 3369 2277 3409 <itant
2300 3367 2404 3422 pre-

1450 3417 2404 3524 {92⁸⁶1-122hdgass‘33mff1fflffi3¹301l⁰503253
