2690 4169
438 253 497 299 16
1118 251 1492 307 CARMINA,
1545 252 1595 307 1,
1645 265 1722 299 tx.

841 366 1308 446 DepraelianteS‚
1341 387 1457 426 nec
1489 365 1770 445 cupressi

842 445 969 505 Nec
996 458 1238 505 veteres
1264 446 1605 526 agitantur⁷
1641 445 1780 504 orni

728 563 890 637 Quid
921 563 1002 623 sit
1029 565 1295 623 futurum
1326 584 1463 622 cras
1497 565 1636 643 fuge
1669 562 2000 641 quaerere&
2038 575 2098 623 et

726 643 919 717 Quem
952 644 1079 702 fors
1107 643 1343 702 dierum
1376 663 1633 722 cumque
1663 643 1832 701 dabit
1860 642 2033 701 lucro

844 721 1173 801 Appone⁹;
1205 742 1319 781 nec
1351 722 1563 781 dulces
1595 741 1834 780 amores
2339 719 2412 780 15

848 801 1085 880 Sperne
1114 803 1333 880 puer¹⁰
1362 802 1560 880 neque
1590 812 1656 860 tu
1687 800 1968 871 choream,

728 919 941 980 Donec
969 921 1192 980 virenti
1225 920 1481 980 canities
1512 922 1685 980 abest

729 998 983 1059 Morosa
1014 1021 1027 1057 z
1060 1020 1223 1059 nunc
1251 1012 1309 1058 et
1338 1019 1613 1078 campuS,
1646 1011 1705 1058 et
1735 1018 1888 1058 areae
1905 998 1979 1071 ¹¹,

847 1077 1169 1159 Lenesque
1201 1080 1380 1139 sub¹²
1410 1091 1650 1138 noctem
1682 1074 1925 1138 susurri

849 1156 1265 1237 Composita¹³
1294 1170 1653 1238 repetantur
1681 1157 1854 1216 hora.
2332 1153 2411 1214 20

1283 1491 1393 1559 lx
1440 1491 1577 1580 [10]

1201 1659 1243 1700 A
1299 1659 1649 1700 MERCURE

513 1799 656 1847 Cette
688 1799 835 1863 piece
871 1804 951 1847 est
972 1814 1074 1847 une
1117 1798 1380 1846 imitation
1417 1797 1539 1845 d’un
1570 1797 1763 1859 hymne
1807 1797 2025 1845 d’Alcee.
2053 1796 2097 1845 11
2126 1812 2163 1860 y
2193 1802 2275 1845 est
2313 1796 2410 1844 fait

452 1860 679 1909 allusion
703 1877 806 1909 aux
834 1861 1009 1908 divers
1032 1860 1185 1909 traits
1210 1860 1273 1908 de
1296 1859 1553 1908 l’histoire
1577 1858 1640 1907 de
1676 1860 1928 1907 Mercure.
1973 1859 2140 1922 Voyez
2177 1857 2409 1922 l’hymne

453 1921 743 1971 d'Homere.
756 1950 819 1959 —
836 1922 1061 1985 Strophe
1081 1922 1357 1986 saphique.
1381 1919 1460 1985 (V.
1480 1920 1659 1968 Notiee
1672 1936 1762 1968 sur
1776 1920 1848 1968 les
1866 1924 2061 1984 mett-es,
2085 1921 2136 1985 ἓξ
2153 1920 2210 1967 27
2233 1926 2285 1969 et
2304 1920 2406 1984 19.)

769 2063 1061 2135 Mercuri,
1093 2064 1350 2123 facunde
1379 2082 1574 2142 nepos
1602 2061 1923 2133 Atlantis1,

773 2143 892 2217 Qui
923 2146 1087 2203 feros
1117 2143 1352 2203 cultus²
1384 2143 1695 2201 hominum
1725 2154 2036 2202 recentum

768 2223 933 2281 Voce
964 2222 1239 2281 formasti
1270 2234 1441 2281 catus
1474 2234 1533 2281 et
1562 2223 1800 2280 decorae

1009 2301 1218 2360 More³
1248 2302 1566 2379 palaestrae,

507 2489 545 2527 7.
575 2489 664 2527 Nec
685 2485 937 2538 cupressi...
963 2486 1220 2537 agitantur.
1248 2483 1404 2528 chan·
1468 2487 1514 2526 V.
1534 2482 1624 2527 od.
1650 2495 1697 2536 v,
1716 2486 1767 2537 33
1788 2495 1851 2537 vt,
1880 2487 1920 2527 2.
1955 2486 2285 2540 Quemcumque
2312 2486 2414 2528 die-

454 2544 643 2592 gement
660 2537 719 2580 de
737 2537 872 2591 sujet.
893 2537 955 2579 La
982 2537 1152 2592 phrase
1168 2534 1406 2579 incidente
1462 2549 1569 2578 rum
1585 2553 1639 2573 =
1656 2549 1980 2591 quemcumque
2001 2538 2135 2579 diem.

453 2592 535 2645 qui
546 2591 687 2633 simul
702 2596 905 2632 stravere
919 2596 993 2632 est
1013 2590 1070 2631 de
1090 2589 1409 2634 construction
1517 2592 1582 2631 ¹0.
1609 2592 1743 2639 Puer,
1770 2590 1977 2644 pendant
1995 2603 2085 2644 que
2108 2596 2162 2632 tu
2191 2602 2243 2633 es
2274 2591 2410 2632 ’eune.

455 2651 582 2687 toute
602 2643 744 2685 latine
764 2644 828 2696 (et
841 2645 1075 2705 grecque).
1099 2644 1186 2696 Qua·
1204 2656 1255 2686 se
1269 2648 1410 2685 ratta·
1462 2664 1516 2673 -—
1537 2644 1601 2683 Tu
1618 2654 1667 2683 re
1705 2643 1888 2685 resente
1902 2655 2023 2696 puer
2041 2648 2088 2685 ct
2106 2642 2226 2685 ticnt
2264 2643 2336 2686 ieu
2355 2644 2419 2685 de

455 2697 539 2739 che
557 2698 583 2739 ὲ
602 2695 647 2738 la
665 2694 962 2753 proposition
978 2697 1264 2748 pet-mittem,
1283 2697 1342 2738 οὺ
1355 2707 1408 2738 se
1461 2707 1624 2788 {perne
1637 2708 1661 2736 r
1690 2696 1875 2749 pete.—-
1893 2696 2066 2737 Vir-enti
2074 2708 2131 2737 au
2145 2694 2277 2747 datis,
2290 2696 2420 2738 abest

456 2756 619 2792 trouve
637 2761 726 2792 son
751 2748 1027 2791 antecedent
1044 2749 1183 2798 Divis,
1210 2754 1259 2791 et
1276 2747 1320 2790 la
1338 2760 1410 2790 se·
1492 2746 1731 2801 quivalant
1747 2748 1775 2789 ἐι
1800 2748 1999 2789 nondum
2028 2754 2109 2790 est.
2133 2770 2188 2780 -
2215 2752 2413 2798 Morosa,

454 2800 1133 2858 condeproposition‚cupressi
1147 2803 1405 2855 agitantur,
1464 2800 1492 2841 ἐι
1509 2812 1645 2842 cause
1662 2801 1722 2842 de
1741 2800 1876 2843 l’idee
1902 2801 1961 2843 de
1988 2800 2226 2844 vieillesse
2253 2808 2418 2844 conte-

454 2867 481 2897 a
506 2855 623 2898 dans
650 2867 702 2897 sa
727 2855 1023 2908 dependance
1047 2855 1188 2896 simul
1205 2867 1261 2896 ac
1290 2860 1412 2895 stra·
1466 2865 1555 2896 nue
1572 2854 1689 2895 dans
1717 2855 1909 2895 canicies
1937 2853 2196 2905 (chevelure
2220 2853 2418 2897 blanche

457 2920 555 2950 vere
569 2908 722 2960 (Divi).
735 2908 880 2949 Notre
890 2906 1057 2961 langue
1077 2907 1139 2949 du
1158 2918 1259 2948 xv1⁰
1269 2903 1411 2949 siecle
1466 2918 1526 2948 ou
1544 2906 1706 2961 grise).
1725 2929 1779 2937 -
1798 2910 1947 2949 Donec
1959 2922 2014 2943 =
2030 2908 2154 2959 dum,
2171 2906 2251 2962 qui
2270 2920 2331 2951 en
2343 2912 2419 2950 est

453 2973 480 3001 a
497 2959 629 3004 imite
656 2972 709 3002 ce
732 2965 855 3011 tour,
875 2965 923 3002 et
951 2959 996 3002 le
1024 2968 1144 3002 xvn·
1180 2959 1321 3002 siecle
1352 2972 1413 3001 en
1468 2971 1556 3001 une
1572 2958 1876 3002 abreviation.

454 3013 569 3055 oflre
601 3024 767 3056 encore
801 3012 886 3053 des
927 3011 1191 3068 exemplos,
1233 3024 1411 3055 comme
1521 3021 1586 3061 11.
1619 3021 1829 3073 Campus.
1868 3023 1913 3062 V.
1970 3019 2043 3062 lus
2069 3019 2182 3062 haut
2210 3019 2299 3064 Od.
2334 3031 2417 3072 vu,

455 3064 636 3108 celui-ci
670 3065 728 3108 de
749 3064 1020 3108 Conmmttn
1048 3080 1059 3107 ε
1095 3071 1201 3109 c'est
1228 3070 1287 3108 lui
1315 3071 1413 3110 lais·
1466 3078 1575 3114 note
1595 3075 1634 3115 1.
1653 3094 1707 3104 --
1725 3074 1867 3121 Areae,
1890 3085 1923 3127 p
1943 3084 2048 3115 aces
2065 3072 2317 3128 publiques
2336 3074 2419 3129 qui

454 3127 559 3155 ser...
572 3116 629 3154 La
639 3117 746 3156 suite
764 3115 882 3154 ‹l'une
901 3117 1052 3162 longua
1062 3119 1106 3154 et
1120 3115 1286 3154 difficile
1295 3125 1415 3161 auer-
1468 3123 1702 3168 gemalem
1716 3137 1808 3166 aux
1825 3124 2060 3168 munima,

453 3172 519 3244 τε.
532 3159 1415 3251 {⁰0²²zmegmasesemet¹533
1521 3179 1588 3271 ἧς
1608 3177 1708 3272 scub-
1739 3181 1782 3218 ν-
1807 3177 1895 3243 oa.
1916 3188 1999 3231 vn,
2017 3182 2128 3220 note
2148 3180 2214 3230 ιο,
2234 3177 2314 3221 aa.

455 3258 576 3288 maux
618 3250 746 3287 uses,
1582 3261 1591 3272 .
1658 3237 1897 3293 ampinana,
1919 3231 2157 3285 arx-anges,
2185 3242 2427 3273 convenae

510 3297 551 3337 8.
621 3305 804 3342 uaerere,
836 3293 1090 3335 demandet
1113 3304 1204 3334 aux
1221 3291 1418 3334 astrolo-
1471 3283 1702 3333 dhvance,
1722 3296 1748 3324 a
1765 3282 1937 3325 l'heure
1955 3284 2017 3325 du
2036 3283 2358 3326 rendez-vous.
2374 3305 2428 3315 —

490 3360 586 3390 ues.
604 3370 658 3380 —
669 3350 806 3399 Fuge.
824 3345 1011 3389 Comme
1025 3346 1195 3394 omitte,
1222 3345 1410 3387 abstine.
1472 3339 1766 3390 Repetanwr,
1785 3337 1938 3379 soient
1956 3335 2247 3379 recherches.

494 3395 683 3444 ucnisscss
702 3406 750 3442 et
767 3398 982 3441 'nunnus
1004 3410 1063 3439 en
1076 3404 1160 3441 ont
1183 3410 1247 3440 un
1264 3410 1419 3440 exem·
1525 3397 1628 3440 Onu
1648 3396 1725 3438 1x.
1746 3418 1799 3460 χ-
1819 3399 1857 3440 1.
1886 3396 2103 3446 Atlantis,
2131 3396 2280 3449 Atlas,
2310 3394 2431 3451 perc

455 3453 548 3510 ple.
1475 3449 1534 3492 de
1551 3450 1682 3499 Maia,
1702 3462 1830 3491 mere
1850 3450 1908 3491 dc
1926 3450 2148 3492 Mcrcure.

509 3509 549 3550 9.
565 3509 709 3548 Lucro
721 3516 912 3559 appone,
927 3503 1040 3547 c’est
1048 3509 1208 3547 nutant
1224 3503 1251 3546 ὲ
1261 3515 1418 3558 comp·
1523 3505 1565 3544 2.
1596 3503 1769 3551 Cultus,
1790 3513 1977 3545 moeurs.

457 3565 528 3602 ter
544 3570 722 3602 comme
735 3557 861 3614 gain.
876 3579 930 3593 -
945 3559 1085 3612 Quem
1096 3560 1197 3612 sors
1210 3568 1412 3612 cumque.
1525 3558 1566 3598 3.
1596 3557 1735 3605 Hor-e,
1757 3567 1844 3610 par
1861 3554 1906 3597 la
1922 3560 2135 3599 coutume
2154 3553 2430 3599 introduitc.
