2690 4169
387 243 477 289 300

1066 239 1396 295 SATIRAE,
1446 240 1531 295 11,
1580 253 1659 287 xv.

386 355 562 425 Vina,
591 352 938 413 columbino
964 354 1171 412 limum
1201 355 1357 412 bene
1390 353 1623 432 colligit
1643 373 1781 425 mm,

389 434 702 508 Quatenus
730 434 848 490 ima
878 433 1049 510 petit,
1077 433 1332 493 volvens
1364 432 1579 501 aliena,
1619 432 1929 492 vitellus³⁹

387 513 598 572 Tostis
628 524 996 570 marcentem
1029 511 1271 590 squillis
1302 512 1612 570 recreabis
1633 525 1693 569 et
1714 512 1862 570 Afra

386 592 678 651 Potorem
710 591 1020 650 cochlea⁴⁰
1047 614 1059 648 ε
1094 611 1230 648 nam
1262 590 1494 649 lactuca
1521 591 1752 650 innatat
1776 591 1901 649 acri

386 671 543 730 Post
569 672 775 729 vinum
810 670 1217 761 stomachoss,
1235 689 1360 785 Ber

1203 770 1221 806 1
1313 770 1325 805 :

388 750 650 829 Flagitat
680 750 742 807 in
779 769 1023 808 morsus
1054 749 1197 807 refic

1362 689 1439 727 na
1468 669 1662 747 magis
1687 689 1756 727 ac
1785 671 1978 747 magis
2011 669 2176 730 hillis
2260 673 2337 730 60

1363 747 1510 826 quin
1543 748 1745 806 omnia
1772 749 1938 806 malit

387 830 795 908 Quaecumque
831 828 1158 886 immundis
1189 829 1424 886 fervent
1448 826 1627 886 allata
1653 828 1987 905 popinis⁴³.

467 909 580 967 Est
609 927 810 985 operae
838 907 1103 986 pretium
1133 906 1398 984 duplicis
1429 925 1803 983 pernoscere
1815 904 1975 984 juris

385 987 697 1047 Naturam.
733 986 1004 1066 Simplex
1034 1006 1065 1044 e
1098 984 1260 1044 dulci
1292 996 1531 1044 constat
1554 985 1739 1054 olivo,

386 1067 567 1139 Quod
642 1065 811 1144 ingui
852 1064 1109 1123 miscere
1141 1084 1309 1122 mero
1341 1063 1656 1141 muriaque
1688 1064 2014 1135 decebit'*⁴,

592 1087 672 1202 lla
700 1163 877 1222 quam
910 1164 1028 1222 qua
1057 1144 1350 1222 Byzantia
1377 1144 1576 1222 putuit
1596 1144 1827 1201 orca45.

384 1145 522 1203 Non
556 1166 588 1203 a

2258 1065 2336 1123 65

384 1224 519 1283 Hoc
548 1225 652 1283 ubi
693 1225 1012 1282 confusum
1045 1223 1230 1281 sectis
1257 1221 1552 1280 inferbuit
1581 1222 1813 1289 herbiS‚

386 1303 607 1381 Coryci

697 1321 770 1360 ue
809 1321 989 1360 croco
1024 1320 1304 1378 sparsum
1338 1300 1588 1368 stetit⁴⁶‚
1640 1300 1893 1377 insuper
1923 1302 2112 1360 addes

613 1324 647 1361 o

383 1382 611 1441 Pressa
637 1323 997 1439 {ienafranae
1029 1382 1192 1458 quod
1223 1382 1409 1438 bacca
1437 1379 1673 1438 remisit
1698 1381 1871 1438 olivae
1887 1380 1956 1436 ⁴⁷.

382 1461 628 1519 Picenis
662 1462 884 1518 cedunt
908 1459 1169 1536 pomis⁴⁸
1203 1458 1481 1517 Tiburtia
1510 1479 1722 1528 succo;

2259 1461 2336 1519 70

382 1540 435 1599 N
442 1560 533 1598 am
568 1539 717 1597 facie
752 1549 1061 1616 praestant.
1094 1537 1407 1598 Venucula
1436 1538 1719 1597 convenit
1744 1536 1975 1607 ollis⁴⁹5

387 1619 641 1677 Rectius
668 1619 966 1676 Albanam
998 1619 1158 1676 fumo
1192 1617 1513 1677 duraveris
1542 1617 1802 1677 uvam50.

384 1697 557 1756 Hanc
589 1717 702 1777 ego
732 1718 865 1756 cum
896 1697 1092 1765 maliS‚
1129 1716 1243 1775 ego
1276 1698 1478 1756 faecem
1510 1696 1746 1774 primus
1777 1707 1835 1753 et
1859 1695 2117 1766 halec⁶¹,

431 1918 497 1957 39.
518 1916 805 1963 Surrentina,
830 1914 890 1957 de
910 1913 1197 1966 Surrentum,
1221 1913 1334 1957 Sor-

378 1974 512 2010 rente
546 1981 603 2010 en
619 1967 880 2022 campanie,
893 1979 975 2009 sur
985 1967 1028 2008 18
1037 1979 1152 2019 mer,
1165 1980 1224 2008 en
1236 1967 1334 2009 sace

377 2021 437 2063 de
467 2000 561 2064 l’ile
583 2021 642 2062 de
662 2020 722 2063 Ca
760 2022 851 2062 ree.
872 2041 925 2052 -—
942 2021 1120 2062 Limum
1138 2020 1246 2061 colli
1279 2022 1330 2061 it.

377 2073 502 2118 C’est
520 2073 563 2116 le
580 2033 782 2128 procege
801 2073 1023 2115 moderno
1042 2083 1161 2127 pour
1189 2084 1241 2114 co
1264 2071 1332 2115 ler

376 2126 421 2168 le
441 2128 548 2178 vin3
569 2126 684 2168 mais
710 2138 827 2168 nous
843 2125 1117 2181 employons
1136 2124 1181 2167 le
1195 2125 1330 2169 blanc

376 2186 424 2223 et
441 2191 534 2221 non
552 2179 595 2220 le
609 2179 746 2234 jaune
775 2179 834 2220 de
851 2177 978 2220 l’oeuf
989 2193 1002 2229 3
1016 2190 1195 2220 comme
1218 2179 1331 2220 c’est

374 2232 419 2274 18
437 2231 573 2273 blanc
592 2230 673 2284 qui
694 2243 720 2272 8
740 2236 862 2273 cette
890 2230 1144 2285 propriete,
1170 2242 1233 2273 on
1251 2244 1329 2273 re-

372 2283 564 2327 tranche
577 2282 861 2338 aujourd'hui
876 2282 1060 2336 lejaune
1075 2295 1194 2338 pour
1206 2288 1329 2327 cette

373 2335 615 2392 operation
642 2348 819 2377 comme
846 2335 1021 2377 inutile.
1051 2335 1124 2379 On
1146 2348 1204 2379 ne
1229 2336 1329 2379 voit

373 2402 461 2445 pas
473 2388 702 2453 pout-quoi
724 2388 879 2432 Catius
908 2386 1090 2443 prefere
1116 2387 1188 2432 188
1210 2388 1326 2432 oeufs

375 2444 432 2485 de
451 2454 648 2498 pigeons
666 2454 756 2483 aux
776 2441 890 2483 oeufs
910 2442 967 2483 de
986 2441 1166 2496 poules.

426 2498 492 2538 40.
524 2498 802 2537 Marcentem
824 2501 1045 2548 potorem,
1079 2493 1125 2536 le
1144 2493 1325 2537 buveur

369 2545 544 2603 fatigue
556 2579 567 2601 ,
595 2560 772 2590 comme
804 2548 1072 2600 languidus,
1108 2559 1156 2590 v.
1193 2550 1259 2590 39.
1274 2570 1319 2579 —

372 2602 574 2655 Squillis,
601 2612 624 2643 s
662 2599 814 2652 811188,
836 2599 1001 2655 espece
1030 2600 1090 2642 de
1108 2598 1244 2644 crabe
1260 2613 1321 2643 ou

370 2654 601 2697 ecrevisse
656 2665 681 2696 e
699 2665 813 2696 mer.
838 2675 882 2683 —
910 2653 1116 2701 cochlea,
1139 2651 1321 2695 colime-

369 2718 470 2757 808.

420 2768 488 2806 41.
520 2767 735 2807 Lactuca.
769 2765 842 2807 On
882 2763 1080 2807 ravivait
1109 2764 1321 2820 l'appetit

367 2815 453 2858 des
471 2816 691 2860 convives
711 2829 768 2858 en
799 2816 903 2859 leur
928 2816 1098 2860 faisant
1127 2830 1320 2872 manger

366 2868 425 2911 de
439 2869 481 2910 18
505 2868 645 2911 laitue
662 2868 918 2924 vinaigree.

417 2924 484 2963 42.
507 2924 657 2974 Magis
671 2933 836 2975 perna,
861 2923 1011 2975 magis
1026 2923 1153 2964 hillis
1172 2923 1318 2975 flagi-

367 2980 440 3016 tat
459 2974 754 3025 (stomachus)
774 2978 824 3016 in
838 2987 1012 3016 morsus
1031 2975 1172 3027 refici.
1198 2974 1319 3016 L'es-

365 3032 516 3069 tomac
539 3030 651 3068 veut
678 3027 776 3069 etre
792 3026 942 3069 excite
960 3029 985 3067 8
999 3038 1190 3081 manger
1207 3026 1317 3082 plu-

364 3079 438 3121 tot
455 3091 540 3134 par
558 3078 602 3121 le
615 3078 821 3132 jambon,
847 3079 1000 3134 plutot
1027 3091 1110 3132 par
1140 3078 1184 3120 le
1207 3091 1316 3120 888-

365 3132 522 3174 cisson
539 3133 643 3185 (que
656 3144 741 3186 par
760 3132 802 3173 18
816 3132 986 3184 laitue).
1002 3133 1156 3194 ljillae,
1174 3130 1317 3174 intes-

363 3183 889 3280 {lins-fiarnisgsaucisse,
907 3195 1147 3227 saucisson
1165 3196 1224 3226 ou
1241 3198 1318 3227 88-

397 3250 475 3280 081
515 3251 555 3280 8.

415 3293 481 3332 43.
500 3291 652 3332 Malle.
666 3289 899 3333 Sous-ent.
946 3301 1055 3330 uam
1068 3291 1313 3333 lactucam.

361 3365 414 3377 —
427 3344 678 3385 Immundis
689 3343 891 3396 popinis,
943 3354 993 3383 es
1011 3348 1247 3398 gargotes.
1266 3365 1312 3376 —

364 3397 496 3450 Quin,
524 3402 572 3438 et
588 3397 755 3437 meme.

415 3451 483 3490 44.
506 3449 691 3502 Pingui,
715 3458 844 3501 gros,
863 3446 1042 3500 oppose
1057 3447 1083 3487 ὲ
1099 3450 1238 3490 tenui.
1266 3451 1311 3491 V.

359 3512 407 3543 v.
441 3503 508 3542 52.
541 3522 594 3531 —
631 3501 800 3547 Maria,
838 3510 1051 3541 saumure
1083 3500 1142 3543 de
1179 3500 1310 3554 thou,

360 3564 444 3594 888
462 3554 522 3594 οὺ
540 3565 566 3593 8
585 3551 798 3606 sejourne
817 3563 868 3593 88
887 3550 1094 3606 poisson.

1446 1917 1513 1956 45.
1553 1915 1724 1962 Putem,
1761 1912 2039 1967 asscontracte
2072 1925 2158 1955 une
2188 1913 2333 1956 odeur

1392 1970 1579 2020 puante,
1601 1967 1627 2008 a
1643 1978 1779 2008 cause
1799 1966 1858 2008 de
1871 1965 2048 2008 l’odeur
2063 1965 2184 2008 forte
2202 1967 2261 2009 de
2281 1980 2333 2009 ce

1390 2039 1480 2080 que
1512 2026 1719 2070 contient
1749 2040 1802 2069 88
1843 2039 1969 2078 vase,
2011 2039 2120 2069 orca
2140 2018 2330 2123 ξιόρκη),

1388 2080 1601 2124 vaisseau
1620 2081 1679 2123 de
1693 2086 1818 2123 terre
1830 2079 1857 2122 ὲ
1873 2086 2037 2123 ventre
2055 2094 2138 2124 ren
2175 2083 2199 2123 e
2215 2095 2332 2137 pro-

1385 2145 1472 2188 pre
1490 2134 1517 2174 a
1544 2146 1793 2177 conserver
1812 2134 1897 2177 des
1949 2134 2132 2177 oissons
2151 2134 2269 2177 dans
2287 2135 2330 2177 18

1386 2198 1616 2230 saumuro.
1650 2188 1858 2243 Byzance
1911 2186 2047 2230 aisait
2085 2200 2148 2228 un
2182 2188 2332 2242 grand

1384 2251 1640 2282 commerce
1658 2240 1718 2283 de
1735 2239 1891 2282 thons.

1435 2295 1503 2335 46.
1527 2296 1636 2342 Hoc,
1668 2298 1789 2336 cette
1818 2304 1953 2335 sance
1980 2291 2163 2347 simple,
2184 2292 2331 2335 melee

1386 2346 1653 2398 (confusum)
1707 2346 1765 2387 de
1816 2345 1975 2387 divers
2020 2344 2325 2400 ingredients.

1380 2396 1520 2441 Alors
1544 2398 1632 2440 elle
1647 2399 1768 2441 n’est
1780 2398 1890 2454 plus
1913 2396 2096 2452 simple.
2112 2398 2152 2441 Il
2174 2399 2331 2441 ensei-

1380 2462 1473 2505 gne
1487 2450 1592 2494 l'art
1614 2453 1673 2494 de
1693 2451 1809 2494 faire
1824 2451 1868 2492 18
1887 2450 2088 2493 seconde
2106 2464 2257 2494 sauce.
2280 2474 2324 2482 —

1385 2504 1589 2557 Corycio,
1612 2505 1670 2546 de
1679 2504 1906 2559 Corycus,
1921 2509 2172 2559 montagne
2185 2504 2244 2547 (18
2260 2504 2330 2547 Ci-

1378 2554 1484 2598 licie
1517 2559 1579 2606 (V.
1613 2558 1753 2599 Vino.
1786 2555 1941 2610 Ge'org.
1986 2556 2064 2609 1v,
2098 2557 2208 2610 127),
2248 2556 2328 2610 qui

1376 2608 1641 2662 produisait
1654 2610 1697 2651 18
1708 2608 1919 2651 meilleur
1933 2609 2101 2651 safran.
2117 2632 2170 2641 —
2180 2612 2326 2659 Stetit,

1377 2663 1437 2703 de
1468 2664 1600 2709 sisto,
1650 2675 1757 2702 8888
1802 2662 1971 2716 repose
2013 2661 2151 2717 apres
2200 2662 2328 2704 avoir

1372 2712 1553 2761 bouilli,
1584 2714 1661 2755 ubi
1686 2714 1922 2767 inferbuit.

1426 2769 1493 2808 47.
1520 2769 1805 2819 Venafranae.
1837 2769 1881 2807 V.
1903 2765 1991 2808 Od.
2021 2766 2078 2819 11,
2101 2778 2163 2818 ιν,
2190 2770 2255 2810 16.
2275 2789 2328 2799 -

1373 2821 1587 2861 Pressa...
1622 2821 1763 2867 olivae,
1794 2817 2067 2874 periphrase
2086 2831 2238 2872 pour:
2268 2820 2326 2861 de

1373 2870 1529 2913 l’huile
1578 2872 1637 2913 de
1681 2869 1892 2913 Venafre.
1937 2892 1990 2903 -—
2035 2874 2234 2920 Remis-ic,
2275 2885 2326 2913 ce

1372 2923 1540 3017 gusslelle
1562 2935 1589 2965 8
1606 2923 1755 2966 rendu
1781 2937 1839 2966 en
1860 2924 1953 2979 jus,
1973 2935 2031 2966 en
2054 2923 2246 2978 liquide,
2268 2938 2326 2967 en

1409 2989 1451 3016 m
1474 2989 1514 3018 e.

1425 3031 1492 3070 48.
1511 3029 1703 3070 Picenis.
1735 3031 1780 3070 V.
1802 3027 1945 3070 satire
1961 3029 2258 3083 precedente,
2276 3042 2322 3073 v.

1371 3081 1465 3121 271.
1487 3080 1524 3123 11
1546 3092 1604 3121 en
1630 3087 1704 3123 est
1730 3094 1786 3122 au
1804 3081 2003 3123 dessert.

1424 3137 1492 3175 49.
1515 3136 1756 3183 Venucula,
1780 3140 1905 3176 sorte
1925 3133 1983 3176 de
2001 3132 2159 3175 raisin.
2176 3156 2229 3165 —
2251 3136 2325 3177 Ol-

1374 3186 1444 3235 lis,
1476 3198 1593 3241 pour
1626 3185 1671 3227 la
1707 3199 1947 3229 conserve.
1987 3187 2106 3235 Olla,
2145 3192 2230 3241 pot
2265 3188 2321 3229 de

1371 3244 1510 3281 terre.
1528 3238 1599 3281 On
1620 3240 1883 3282 conservait
1900 3239 1944 3281 le
1958 3239 2104 3281 raisin
2118 3239 2322 3282 enserme

1371 3291 1489 3333 (1888
1504 3291 1589 3333 (188
1609 3299 1717 3346 pots
1738 3295 1795 3335 (18
1815 3299 1938 3335 terre
1957 3291 2097 3334 cuite-

1424 3347 1489 3385 50.
1511 3347 1651 3387 Fumo
1667 3347 1919 3393 duraveris,
1936 3350 2066 3387 autre
2079 3356 2249 3400 moyen
2263 3345 2322 3386 de

1372 3408 1622 3439 conserver
1652 3398 1695 3439 le
1714 3398 1874 3440 raisin.
1905 3398 2036 3440 Cette
2062 3397 2319 3452 operation,

1369 3449 1503 3491 selon
1525 3449 1671 3502 Pline,
1691 3450 1756 3492 lui
1779 3452 1931 3493 donne
1950 3451 2007 3493 de
2035 3449 2080 3492 18
2102 3451 2318 3502 (1088888,

1366 3504 1589 3555 gratiam.
2057 3547 2061 3551 Α

1420 3557 1487 3597 51.
1506 3558 1691 3607 Foecem,
1706 3555 1768 3598 lie
1784 3555 1844 3598 de
1860 3554 1943 3599 vin
1957 3555 2015 3597 de
2034 3554 2123 3599 Cos
2141 3554 2317 3599 brulee.
