2690 4169
865 218 1239 272 CARMINA,
1290 217 1374 272 ΙΙ,
1423 231 1565 263 vnx.
2144 214 2225 261 55:

526 332 772 392 Pectus,
809 333 1109 391 Informes
1141 331 1374 389 hiemes
1404 331 1642 389 reducit
2131 330 2202 387 15

761 411 1022 490 Jupiter,
1057 412 1217 469 idem

530 556 883 615 Submovet.
918 555 1078 625 Non,
1114 555 1168 614 si
1200 554 1353 612 male
1384 573 1568 622 nunc,
1605 565 1665 611 et
1694 554 1840 611 olim

531 635 633 695 Sic
666 635 837 694 erit⁵.
876 634 1194 709 Quondam
1228 633 1494 691 cithara⁶
1526 642 1823 690 tacentem

531 713 797 774 Suscitat
825 714 1063 772 Musam
1093 732 1292 791 neque
1323 731 1569 791 semper
1597 730 1803 770 arcum

766 792 989 851 Tendit
1016 790 1298 869 Apollo⁷.
2129 786 2207 845 20

531 937 743 998 Rebus
775 937 1053 1018 angustis
1085 936 1398 997 animosus
1430 948 1607 1015 atque

533 1018 737 1077 Fortis
769 1036 993 1097 appare
1010 1039 1026 1088 3
1066 1016 1379 1094 sapienter
1409 1017 1568 1074 idem

533 1096 876 1156 Contrahes
904 1106 1087 1155 vento
1116 1095 1370 1154 nimium
1402 1093 1673 1155 secundo

768 1176 1042 1254 Turgida
1066 1174 1221 1233 vela.

1038 1596 1227 1668 v111
1275 1597 1411 1686 [Μ]

786 1765 827 1805 A
881 1764 1249 1816 Qum'rms
1307 1748 1666 1806 marmus

312 1901 555 1959 Quintius
572 1902 824 1965 Hirpinus
845 1918 901 1952 se
920 1903 1275 1959 tourmentait,
1294 1918 1419 1951 sans
1441 1903 1597 1951 doute
1614 1903 1736 1965 plus
1756 1901 1884 1967 qu’il
1899 1902 2080 1951 n’Etait
2096 1903 2204 1952 rai-

250 1964 520 2021 aonuable,
555 1965 646 2012 des
683 1980 881 2026 nuages
924 1965 1015 2029 qui
1053 1964 1409 2029 paraissaient
1446 1965 1510 2013 de
1549 1970 1721 2026 temps
1753 1967 1785 2013 ὰ
1822 1970 1970 2013 autre
2004 1980 2097 2013 sur
2127 1966 2203 2013 les

252 2025 525 2074 frontieres
558 2027 622 2073 de
657 2025 892 2090 l’empire
922 2028 1144 2075 romain.
1176 2028 1376 2075 Horace
1403 2042 1535 2074 nous
1570 2043 1601 2073 a
1631 2026 1750 2090 deja
1786 2025 1968 2091 uppris
2004 2024 2122 2091 (Od.
2156 2028 2206 2076 11

249 2088 357 2152 xxl)
387 2088 514 2153 qu’il
541 2104 605 2136 ne
630 2088 801 2136 s’effra
839 2090 913 2137 ait
934 2105 1032 2153 pas
1057 2106 1193 2153 pour
1217 2090 1263 2136 si
1281 2105 1403 2152 peu,
1425 2095 1476 2137 et
1493 2089 1533 2136 il
1548 2104 1750 2152 engage
1776 2105 1871 2137 son
1897 2089 2003 2137 ami
2018 2092 2051 2138 ὁ.
2072 2089 2204 2137 lais-

250 2166 335 2198 ser
351 2150 406 2198 l&
429 2166 512 2198 ses
536 2150 761 2198 craintes
781 2168 807 2197 c
847 2151 1128 2215 imeriques
1155 2167 1292 2214 pour
1319 2152 1425 2198 rire
1455 2156 1507 2199 et
1532 2150 1678 2199 boire
1699 2151 1949 2199 d'autant.
1973 2178 2037 2188 —
2064 2152 2204 2200 Stro-

250 2212 353 2274 phe
372 2211 626 2275 alca’ique.
650 2212 728 2276 (V.
754 2212 930 2260 Notice
952 2229 1042 2260 sur
1066 2213 1136 2260 les
1157 2217 1352 2276 meires,
1377 2214 1427 2275 ἕξ
1447 2214 1524 2269 27,
1547 2214 1607 2261 16
1625 2214 1715 2269 fin,
1743 2218 1795 2260 et
1813 2216 1839 2273 5
1855 2214 1930 2272 21,
1956 2212 2048 2277 2·.)

570 2389 731 2463 Quid
759 2391 1092 2450 bellicosus
1126 2388 1431 2449 Cantaber
1460 2402 1520 2448 et
1551 2391 1841 2469 Scythes¹
1861 2433 1879 2463 ,

568 2468 829 2547 Hirpine
861 2469 1094 2542 Quinti,
1130 2470 1377 2548 cogitet,
1414 2470 1646 2529 Hadria

724 2547 978 2607 Divisus
1006 2547 1303 2628 object02,
1335 2549 1609 2608 remittas
1625 2550 1648 2584 ³

687 2626 995 2700 Quaerere,
1028 2647 1141 2687 nec
1170 2628 1445 2706 trepides
1478 2629 1540 2686 in
1569 2647 1745 2687 usum

296 2885 337 2923 5.
364 2882 478 2923 Erit.
507 2884 626 2922 Bene
648 2886 728 2928 est,
764 2881 885 2922 male
916 2885 996 2929 est,
1028 2891 1091 2922 on
1121 2886 1196 2923 est
1306 2879 1408 2922 One
1429 2880 1616 2922 VI11.—
1635 2882 1674 2921 1.
1700 2878 1943 2921 Cantaber.
1966 2882 2011 2921 V.
2034 2878 2202 2934 Odav,

243 2933 463 2984 heureux,
481 2931 795 2975 malheureux.
814 2954 867 2964 —
884 2935 955 2983 Et,
971 2931 1114 2975 aussi.
1251 2933 1292 2983 2,
1304 2938 1352 2974 et
1370 2933 1405 2982 1,
1424 2942 1534 2983 xxx,
1552 2944 1604 2973 ar
1641 2938 1811 2974 ument.
1823 2953 1876 2962 —
1980 2931 2093 2985 thes,
2112 2946 2202 2976 no-

296 2985 810 3040 ⁶.Quondam,advorbe
823 2985 1197 3039 dequidam,cer-
1250 2983 1439 3027 minatif
1458 2984 1598 3039 singu
1618 2997 1686 3027 ier
1704 2996 1814 3039 grec
1836 2986 1916 3037 (1=⁰
1972 2985 2092 3038 ech),
2113 2987 2200 3028 de—

245 3037 713 3094 tainesfois,parfois.
726 3061 779 3070 —-
792 3038 1001 3086 Cithara,
1015 3035 1190 3080 ablatis.
1250 3038 1386 3092 signe
1405 3037 1777 3080 collectivement
1803 3037 1873 3079 les
1898 3036 2131 3083 Sarmates
2153 3046 2201 3082 et

295 3095 335 3135 ’1.
364 3094 535 3134 Arcum
579 3092 736 3133 tendit.
786 3091 948 3143 Quand
990 3091 1191 3146 Apollon
1249 3090 1319 3133 les
1339 3089 1526 3134 Gelons.
1555 3094 1600 3132 V.
1624 3090 1711 3133 Od.
1732 3102 1796 3142 vt,
1816 3093 1867 3132 23
1896 3095 1945 3134 et
1962 3093 2029 3134 24.

243 3144 396 3188 bande
432 3156 520 3186 son
554 3156 647 3195 arc,
686 3143 801 3186 c'est
833 3156 953 3200 pour
989 3156 1191 3199 envoyer
1301 3146 1342 3185 2.
1372 3144 1570 3191 Hadria,
1595 3156 1656 3184 un
1680 3143 1764 3186 des
1788 3154 1924 3186 noms
1951 3143 2010 3187 de
2036 3144 2079 3186 la
2100 3157 2200 3188 mci·

240 3195 440 3253 quelque
458 3196 590 3239 sseau.
615 3201 661 3240 V.
677 3198 839 3246 Illade,
861 3198 898 3248 1,
913 3200 981 3249 44,
1002 3203 1049 3240 et
1070 3199 1190 3238 Car·
1246 3196 1535 3250 Adriatiquo.
1551 3197 1728 3239 Horace
1744 3195 1987 3241 considere
2006 3196 2199 3240 l'Adria-

238 3263 343 3293 men
358 3251 604 3300 saeculare,
623 3252 690 3291 33.
718 3272 772 3282 —-
798 3249 943 3291 Rebus
962 3251 1186 3304 angustis.
1246 3249 1377 3303 tique
1405 3262 1584 3291 comme
1613 3262 1675 3291 un
1701 3249 1957 3292 boulevard
1993 3250 2194 3304 (objecto)

245 3308 292 3347 V.
327 3308 438 3347 note
469 3304 511 3344 4.
543 3323 597 3334 —
630 3304 755 3343 Idem
772 3319 827 3339 =
842 3309 893 3343 tu
910 3315 1099 3357 quoque.
1139 3306 1185 3345 V.
1243 3314 1364 3357 pour
1383 3300 1560 3345 l'Italie.
1582 3324 1635 3333 -
1661 3303 1858 3346 Divisus.
1880 3302 2125 3347 Snus-ent.
2148 3309 2198 3345 tu

236 3370 282 3400 ν.
303 3358 369 3407 1⁶,
389 3355 512 3397 idem
527 3356 669 3397 =ille
687 3368 942 3410 quoque.—
964 3359 1098 3396 Vento
1111 3367 1186 3397 se-
1245 3354 1304 3396 ab
1326 3357 1400 3398 iis.

234 3409 397 3452 eundo-
424 3412 471 3450 V·
494 3413 604 3450 note
620 3410 662 3449 4.
681 3431 734 3440 -
751 3411 952 3464 Appare,
976 3413 1185 3450 montre-
1294 3419 1334 3459 3.
1363 3416 1601 3468 flammas,
1641 3429 1760 3471 pour
1795 3419 2000 3469 remitte,
2046 3427 2189 3460 cesse.

234 3468 318 3523 toi,
337 3460 573 3526 καρτερὸς
594 3460 787 3522 φάνηθι.
812 3491 865 3501 -
894 3469 1098 3511 Nimium
1116 3481 1185 3511 re-
1241 3468 1423 3524 Ellipse
1443 3468 1693 3523 deprecor,
1727 3482 1789 3511 ou
1807 3469 1981 3519 hortor,
2002 3481 2062 3512 ou
2078 3480 2193 3512 ma-

233 3522 391 3566 tombe
410 3535 493 3564 sur
515 3522 720 3575 turgida.
1242 3522 1336 3563 deo.
1368 3525 1412 3565 V.
1437 3520 1525 3565 Od.
1548 3522 1584 3574 1,
1606 3533 1655 3574 ιι,
1677 3528 1785 3566 note
1804 3524 1872 3566 27.

1892 3619 1939 3664 4.
