2690 4169
471 229 563 271 ³46

1127 228 1556 284 EPISTOLAE‚
1607 227 1658 283 1,
1698 235 1783 269 Vl·

474 333 609 408 Quo
636 335 973 412 spectanda
998 335 1205 405 modo,
1239 354 1363 412 quo
1393 353 1583 393 sensu
1609 334 1816 392 credis
1846 345 1907 392 et
1934 333 2082 392 ore‘
2106 334 2130 389 ἓ

476 412 595 487 Qui
624 413 797 471 timet
826 413 925 472 his
955 414 1217 472 adversa
1236 414 1364 471 fere
1393 413 1649 471 miratur
1677 414 1891 470 eodem

475 492 611 566 Quo
645 491 901 585 cupiens
927 503 1104 571 pacto
1122 492 1145 528 ⁸
1181 512 1423 582 ἤρανον
1452 504 1546 550 est
1575 492 1899 570 utrobique
1929 491 2247 558 molestus»,

2359 489 2435 547 10

476 570 819 647 Improvlsa
847 572 1025 630 simul
1057 590 1298 650 species
1328 583 1596 630 exterret
1622 570 2002 647 utrumque⁶.

475 648 749 714 Gaudeat
775 671 851 708 an
879 651 1103 721 doleat,
1137 670 1209 710 cu
1258 649 1340 708 iat
1367 661 1691 720 metuatne,
1724 648 1870 728 quid
1899 649 1974 707 ad
2003 648 2190 717 rem‘1,

393 784 405 813 .-
480 728 571 798 Si,
603 729 900 808 quidquid
926 729 1079 787 vidit
1106 749 1200 787 me
1229 729 1324 788 ius
1353 727 1607 808 pejusve
1640 748 1748 787 sua
1778 747 1910 806 spe,

475 807 706 866 Defixis
736 808 931 867 oculis
959 809 1280 888 animoque
1312 821 1372 866 et
1401 828 1661 887 corpore
1690 807 1969 884 torpet⁸P

477 886 683 946 Insani
715 887 961 966 sapiens
991 907 1213 946 nomen
1245 886 1418 957 ferat,
1451 906 1658 966 aequus
1687 886 1904 977 iniqui,
1974 933 1981 940 .

2361 884 2436 942 15

475 965 653 1026 Ultra
677 986 854 1046 quam
886 967 1035 1025 satis
1065 967 1192 1024 est⁹
1222 967 1510 1025 virtutem
1542 965 1595 1024 si
1624 978 1791 1045 petat
1819 982 2038 1044 lpsam.

477 1044 503 1104 1
534 1065 716 1114 nunc,
749 1059 1066 1124 argentum
1096 1058 1155 1103 et
1181 1064 1447 1103 marmor
1473 1057 1648 1105 vetus
1680 1063 1798 1102 aera
1842 1063 1915 1102 ue
1945 1054 2006 1101 et
2033 1054 2195 1100 artes
2214 1041 2263 1078 ¹⁰

479 1124 758 1203 Suspice,
792 1144 926 1183 cum
954 1124 1213 1203 gemmis
1243 1123 1464 1202 Tyrios
1494 1123 1716 1181 mirare
1746 1143 1778 1181 c
1844 1141 2009 1190 oreS‚

478 1202 688 1261 Gaude
719 1204 883 1281 quod
915 1214 1192 1281 spectant
1216 1203 1376 1260 oculi
1406 1217 1464 1262 te
1493 1202 1656 1261 mille
1686 1202 2055 1280 loquentem,

477 1282 685 1340 Navus
713 1301 887 1339 mane
919 1283 1173 1340 forum¹¹
1204 1294 1263 1339 et
1290 1281 1686 1361 vespertinus
1715 1292 1855 1360 pete
1885 1291 2132 1349 tectum,

2358 1279 2437 1337 20

477 1361 568 1419 Ne
598 1360 737 1438 plus
769 1361 1052 1419 frumenti
1080 1360 1388 1419 dotalibus
1420 1371 1638 1419 emetat
1664 1380 1831 1439 agris

476 1439 770 1509 Mutus¹²‚
806 1450 885 1510 et,
916 1440 1265 1518 indignum!
1301 1442 1467 1517 quod
1498 1439 1579 1499 sit
1604 1437 1923 1532 pejoribus
1953 1451 2127 1497 ortus

479 1518 597 1576 Hic
623 1518 734 1576 tibi
766 1518 846 1576 sit
870 1519 1078 1598 potius
1105 1538 1284 1598 quam
1314 1530 1380 1576 tu
1410 1518 1709 1577 mirabilis
1734 1518 1844 1577 illi.

480 1596 794 1676 Quidquid
824 1600 937 1657 sub
966 1611 1132 1657 terra
1164 1598 1239 1657 ’st
1267 1597 1331 1654 in
1363 1598 1633 1676 apricum
1661 1598 1936 1677 proferet
1962 1607 2128 1666 aetas,

478 1675 766 1736 Defodiet
794 1678 1136 1757 condetque
1167 1676 1425 1736 nitentia
1457 1699 1469 1733 ε

476 1857 735 1913 approche
754 1859 812 1901 de
830 1864 950 1902 cette
969 1857 1287 1901 construction
1309 1864 1431 1899 cette

476 1910 647 1966 phrase
662 1911 720 1952 de
735 1910 955 1954 Cicer-on:
980 1912 1100 1966 Quid
1117 1922 1347 1952 censemus
1359 1922 1432 1951 su-

472 1965 704 2018 per-iorem
730 1965 865 2005 illum
897 1966 1168 2029 Deonysium
1194 1976 1284 2017 quo
1319 1976 1429 2004 cru-

479 2018 608 2058 ciatu
621 2018 800 2059 timoris
819 2019 934 2070 angi
943 2019 1130 2058 solatum
1143 2020 1163 2056 Ξ)
1180 2022 1228 2057 et
1245 2029 1297 2057 ce
1315 2027 1430 2070 pas-

479 2089 590 2131 sage
628 2075 686 2117 de
718 2073 985 2130 Soruocuz,
1017 2069 1246 2131 Ajax:T2
1261 2069 1355 2132 γὰρ
1368 2067 1429 2127 δὴ

479 2130 598 2181 παῖς
616 2126 746 2176 ὁτοῦ
776 2130 1012 2193 Λαερτίου
1040 2131 1139 2177 ποῦ
1166 2132 1247 2178 σοὶ
1267 2131 1429 2195 τύχης

481 2190 685 2248 ἕστηκεν
703 2203 713 2214 ·
742 2192 803 2233 Le
831 2191 1030 2243 franceis
1050 2196 1165 2245 peut
1189 2192 1360 2234 rendre
1378 2206 1430 2233 ce

478 2257 586 2293 tout·
599 2262 684 2304 pm·
699 2226 902 2299 i’emploi
918 2245 1077 2298 repete
1101 2245 1159 2286 de
1179 2251 1222 2285 et
1240 2258 1254 2285 .·
1283 2248 1339 2286 Et
1358 2244 1430 2285 les

479 2304 697 2358 presente
724 2301 783 2342 de
822 2297 865 2338 la
891 2302 1031 2348 terre,
1069 2303 1113 2337 et
1145 2309 1261 2339 ceux
1295 2298 1355 2338 de
1388 2295 1432 2337 la

479 2368 594 2406 mer,
626 2361 730 2404 etc„
757 2350 891 2420 ‹Ju’en
912 2348 1184 2404 penses-tu?
1202 2356 1435 2391 comment

481 2406 686 2450 crois-tu
702 2417 765 2459 qu
780 2415 841 2444 on
866 2402 1002 2444 doive
1031 2400 1103 2444 les
1126 2402 1396 2444 consideret·
1412 2401 1431 2443 Ρ

480 2461 582 2503 Etc.
604 2461 665 2504 Ce
690 2467 834 2514 genre
858 2455 915 2496 de
933 2454 1251 2497 construction
1271 2467 1435 2516 appar-

480 2512 599 2556 tient
625 2526 681 2554 au
708 2508 830 2565 style
854 2506 1052 2549 familier
1070 2513 1118 2550 et
1143 2514 1218 2550 est
1240 2514 1338 2549 tres
1358 2521 1434 2550 na·

479 2564 602 2609 turel
620 2583 633 2619 ;
655 2562 770 2607 c'est
786 2559 1274 2603 vraisemblablement
1291 2561 1317 2600 ὲ
1335 2566 1434 2602 tort

481 2617 619 2673 qu'on
639 2630 665 2659 a
687 2629 769 2658 sus
805 2615 904 2656 ecte
931 2625 1109 2655 comme
1136 2612 1368 2677 interpole
1389 2613 1433 2654 le

478 2675 651 2766 ἔριπ-
671 2628 893 2763 1.ῧὲἶᾶ
916 2665 1113 2761 16358611(
1173 2665 1338 2718 ubhcs,
1361 2665 1432 2707 les

479 2736 648 2827 Integet.
683 2776 720 2826 1,
752 2784 768 2814 1
813 2772 974 2824 66511,
1005 2782 1074 2822 111,
1104 2773 1194 2813 185.
1228 2770 1267 2813 11
1294 2768 1432 2825 s’agit

482 2829 565 2870 des
580 2841 604 2868 a
640 2804 1037 2881 plaudissements
1053 2836 1138 2879 par
1154 2823 1364 2887 lesquels
1387 2824 1430 2865 le

479 2894 601 2934 peup
624 2895 649 2921 e
663 2879 790 2922 salue
807 2877 878 2919 les
892 2876 1102 2919 hommes
1151 2875 1301 2917 ubhcs
1318 2876 1431 2930 qu’il

478 2933 611 2974 aime.
648 2955 701 2964 —
727 2931 890 2979 Amici,
920 2929 1108 2971 favorah
1130 2941 1170 2970 e.
1199 2949 1254 2959 —
1280 2931 1425 2977 Dona,

477 2983 842 3027 ordinairement
856 2982 1088 3034 beneficia,
1104 2980 1174 3023 les
1186 2980 1430 3035 magistra-

478 3043 622 3089 tures‚
639 3036 709 3078 les
732 3035 980 3077 saisceaux.
1006 3032 1045 3075 11
1065 3045 1096 3088 y
1119 3032 1243 3075 avait
1261 3045 1430 3075 encore

479 3090 564 3132 des
584 3088 785 3131 comicos
804 3099 923 3143 pour
943 3086 987 3128 la
1004 3086 1167 3128 forme.
1187 3107 1241 3117 —
1267 3086 1429 3138 Qutri-

479 3144 552 3193 tis,
577 3153 688 3184 sens
717 3139 945 3191 collectis,
974 3150 1155 3192 comme
1177 3140 1429 3189 Romanus,

475 3198 631 3237 colonus
659 3198 890 3246 Venusinus,
912 3188 1095 3244 Satfiss,
1117 3204 1151 3244 1,
1171 3194 1242 3244 35,
1259 3192 1328 3235 37.

528 3252 569 3311 5¹·
611 3251 700 3300 Ore,
737 3249 918 3303 visage,
951 3248 999 3290 la
1033 3247 1179 3301 figure
1223 3257 1310 3302 que
1347 3242 1438 3287 l’on

476 3304 574 3397 sag:
600 3356 733 3405 Timet,
756 3371 799 3394 cu
831 3356 925 3395 iens.
968 3356 1013 3394 V.
1050 3341 1172 3406 Epit.
1208 3353 1247 3401 Ι,
1286 3364 1334 3400 11,
1369 3349 1437 3399 51,

478 3416 584 3451 note
605 3409 672 3449 30.
693 3431 746 3439 —
764 3370 948 3448 Asinum.
982 3408 1029 3447 V.
1056 3412 1163 3447 note
1186 3407 1224 3447 1.

1156 2749 1165 2768 ‚
1200 2729 1314 2769 xvn,
1341 2722 1366 2759 3
1385 2724 1432 2761 et

2357 1673 2437 1732 25

1505 1697 1640 1735 cum
1667 1679 1823 1736 bene
1853 1687 2062 1734 notum

1488 1857 1593 1901 l'em
1631 1858 1699 1901 ire
1731 1860 1789 1901 de
1816 1858 1862 1900 la
1888 1864 2084 1909 terrear,
2105 1868 2271 1912 pavor,
2298 1868 2438 1911 parce

1489 1923 1578 1964 que
1622 1925 1647 1953 e
1678 1911 1806 1953 desit·
1830 1909 2010 1953 violent
2036 1915 2111 1952 est
2127 1909 2337 1964 toujours
2357 1921 2437 1949 ac-

1486 1965 1742 2018 compagne
1768 1964 1827 2005 de
1854 1963 1898 2005 la
1925 1963 2100 2005 crainte
2122 1963 2182 2005 de
2213 1972 2436 2015 manquer

1484 2015 1645 2071 l'objet
1666 2016 1894 2059 convoite.
1910 2039 1964 2048 —
1980 2017 2139 2063 Simul,
2161 2027 2281 2070 pour
2296 2015 2442 2056 simut

1486 2081 1556 2112 ac.
1592 2093 1645 2102 —
1676 2071 1862 2124 Specie&
1893 2068 2169 2124 appan-itinn,
2202 2080 2292 2112 vue
2322 2078 2438 2110 sou-

1485 2122 1619 2164 daine
1636 2123 1772 2166 d'une
1797 2124 1953 2166 chose.
1974 2124 2113 2165 Vino.
2139 2125 2225 2164 En.
2248 2122 2309 2173 11,
2326 2124 2435 2163 40⁸1:

1484 2183 1575 2221 Non
1593 2184 1687 2222 tulit
1705 2185 1812 2222 hane
1834 2185 2013 2229 spectem
2040 2183 2192 2222 furiata
2209 2184 2348 2220 mente
2366 2181 2440 2220 Co·

1487 2236 1634 2273 roebus.
1664 2230 1730 2272 Ici
1755 2230 1798 2270 16
1827 2230 2134 2271 deuouement
2156 2226 2299 2278 subit,
2319 2226 2437 2268 heu-

1489 2294 1603 2323 reux
1620 2294 1680 2324 ou
1697 2282 1996 2325 malheureux
2008 2313 2019 2332 ,
2039 2281 2157 2323 mais
2174 2279 2438 2331 innuenda,

1490 2335 1575 2376 des
1610 2334 1811 2378 craintes
1837 2348 1898 2377 ou
1937 2335 2021 2377 des
2057 2335 2349 2389 esperances.
2384 2353 2438 2363 —

1489 2399 1714 2444 Exta-ret,
1742 2395 1921 2451 frappe,
1942 2385 2241 2445 ἐκπλήσσει.

1543 2451 1581 2490 7.
1623 2449 1740 2502 Quid
1776 2450 1837 2491 ad
1874 2452 2009 2491 rem?
2045 2444 2358 2503 qu'importe?
2383 2467 2438 2479 —

1493 2502 1724 2555 Quidquid
1757 2503 1881 2549 vidit,
1920 2501 2030 2555 quoi
2063 2500 2175 2554 qu’il
2202 2499 2267 2543 ait
2287 2512 2365 2542 vu.
2384 2521 2438 2530 —

1489 2557 1738 2596 Μειιιαιηέ.
1764 2559 1810 2597 V.
1832 2554 1926 2598 Sat.
1944 2555 2002 2606 11,
2023 2565 2066 2603 v,
2086 2556 2137 2594 54
2149 2568 2163 2606 3
2182 2563 2248 2606 vt,
2263 2555 2330 2594 75.

1541 2610 1579 2648 8.
1608 2610 1706 2661 Spe,
1736 2612 1927 2650 attente.
1951 2630 2004 2639 —
2025 2607 2216 2660 Desinis,
2244 2606 2270 2647 ὲ
2300 2616 2442 2646 cause

1489 2659 1546 2701 de
1575 2666 1857 2753 sa9stupeur.
1879 2682 1931 2692 -
1961 2663 2140 2713 Tor-pet.
2171 2663 2219 2700 V.
2251 2657 2345 2702 Sat.
2373 2656 2437 2708 11,

1487 2723 1568 2762 v11,
1595 2717 1618 2754 6
1651 2742 1661 2752 .

1539 2771 1578 2807 9.
1612 2767 1747 2809 Ultra
1764 2776 1905 2819 quam
1920 2765 2037 2807 satis
2056 2770 2137 2807 est.
2164 2768 2211 2806 V.
2230 2762 2325 2807 Sat.
2344 2762 2382 2815 1,
2404 2772 2443 2815 ι,

1533 2873 1598 2915 10.
1665 2871 1781 2911 Vetus
1839 2878 1891 2909 se
1949 2871 2169 2921 rapporte
2229 2865 2357 2907 aussi
2410 2868 2442 2908 a

1480 2935 1694 2976 argentum.
1732 2922 1794 2964 Ge
1831 2924 1936 2962 sont
1978 2919 2059 2961 des
2096 2917 2355 2961 curiosites.
2389 2941 2442 2949 -

1479 2981 1599 3022 AEm.
1633 2977 1715 3017 des
1747 2972 1897 3028 objets
1934 2971 2052 3014 d'art
2084 2984 2141 3013 en
2179 2971 2343 3021 airain,
2382 2982 2442 3013 en

1478 3031 1663 3073 bronze.

1539 3085 1600 3125 ll.
1626 3083 1742 3122 Mane
1773 3090 1808 3119 ee
1840 3079 2072 3132 vespertinus
2108 3088 2224 3131 pour
2260 3091 2372 3116 mane
2407 3086 2446 3116 et

1483 3150 1654 3189 vesper-0,
1693 3145 1750 3174 ou
1787 3134 1996 3172 matutinus
2028 3142 2063 3170 et
2099 3130 2347 3183 vespertinus.
2393 3130 2443 3171 V.

1485 3191 1581 3232 Sat.
1602 3189 1641 3236 1,
1661 3199 1720 3236 Ἡ,
1741 3185 1818 3226 fin.

1541 3243 1602 3283 12.
1624 3240 1842 3287 Domlilms,
1881 3237 1955 3292 qui
1979 3236 2044 3278 lui
2066 3235 2289 3276 viennent
2322 3234 2378 3276 de
2398 3233 2445 3275 la

1486 3296 1563 3336 dot
1583 3294 1638 3334 do
1664 3305 1714 3334 sa
1753 3294 1934 3333 sommo.
1969 3291 2152 3331 Commo
2190 3288 2348 3329 Mutus
2385 3298 2445 3328 ne

1487 3347 1582 3389 doit
1618 3359 1703 3402 pas
1735 3351 1858 3387 cetto
1893 3343 2097 3385 richesse
2121 3344 2150 3382 a
2174 3353 2255 3382 son
2279 3340 2445 3390 talem,

1489 3401 1672 3443 Horace
1694 3411 1750 3439 no
1770 3405 1882 3438 veut
1899 3408 1984 3450 pas
2003 3394 2136 3450 qu'on
2155 3400 2298 3435 mette
2318 3393 2375 3434 de
2399 3391 2446 3433 la

530 3462 570 3502 6.
610 3464 738 3500 Pavor·
777 3461 990 3513 utrobique.
1041 3459 1169 3501 Dans
1206 3458 1275 3500 les
1320 3456 1441 3498 deux
1482 3452 1640 3495 vanite
1666 3455 1695 3493 a
1717 3449 1898 3492 vouloir
1921 3448 2181 3507 l'emportetj
2203 3458 2282 3487 sur
2296 3444 2445 3487 lui.—

479 3526 560 3556 cas
595 3515 680 3568 (qui
712 3514 832 3559 timet,
865 3514 933 3567 qui
967 3511 1103 3566 eupit),
1139 3524 1195 3553 on
1226 3515 1297 3552 est
1332 3519 1441 3550 sous
1484 3508 1596 3556 Plus,
1617 3505 1721 3560 plus
1745 3515 1833 3557 que
1853 3509 1905 3543 tu
1924 3500 2026 3543 n'en
2047 3512 2100 3542 as
2117 3500 2452 3543 ‘uox-meme.—
