2690 4169
888 256 1211 313 SATIRAE,

232 371 445 430 Redde
472 390 582 449 age
612 390 743 449 quae
771 370 1062 449 deinceps
1087 371 1304 429 risisti.
1327 406 1418 428 -.
1438 370 1720 430 Vibidius
1751 375 1891 431 dum

2109 259 2197 305 327

2120 374 2207 433 80

1262 257 1347 313 11,
1397 271 1535 304 vxu.

234 450 463 525 Quaerit
490 452 565 508 de
593 449 807 528 pueris
836 470 979 508 num
1010 451 1092 508 sit
1113 471 1358 529 quoque
1385 453 1572 509 fracta
1599 451 1834 530 lagena,

234 524 414 604 Quod
444 529 563 588 sibi
585 529 868 607 poscenti
893 549 1017 587 non
1047 530 1271 588 dentur
1288 529 1598 610 poculaffl,
1634 532 1896 610 dumque

232 608 494 667 Ridetur
511 608 669 666 fictis
699 628 925 678 rerum,
954 608 1281 667 Balatrone
1310 610 1664 680 secundom,

234 687 591 757 Nasidiene,·
619 688 785 747 redis
800 684 865 723 ⁵³⁴
883 699 1120 746 mutatae
1146 689 1389 759 frontis,
1423 701 1489 746 ut
1510 701 1636 747 arte

234 767 681 825 Emendaturus
703 769 1024 825 fortunam.
1054 767 1292 826 Deinde
1323 769 1515 826 secuti

2120 770 2208 828 85

234 846 594 905 Mazonomo
620 846 800 924 pueri
828 866 1047 925 magno
1079 847 1389 924 discerpta
1411 849 1674 907 ferentes

234 926 511 984 Membra
538 926 775 1003 gruis⁸⁴
806 925 1007 1003 sparsi
1040 925 1163 984 sale
1192 927 1403 995 multe,
1437 947 1561 984 non
1592 928 1724 986 sine
1751 929 1933 998 farre,

236 1004 578 1083 Pinguibus
611 1018 668 1062 et
691 1003 823 1062 ficis
847 1018 1090 1083 pastum
1123 1004 1288 1064 'ecur
1312 1006 1549 1064 anseris
1572 1006 1693 1064 albi
1713 1008 1783 1077 ⁸5,

237 1083 314 1142 Et
343 1084 622 1163 leporum
653 1083 897 1142 avulsos
924 1096 990 1142 ut
1017 1105 1115 1141 mu
1143 1096 1204 1142 to
1236 1085 1484 1143 suavius
1505 1106 1706 1144 armos

237 1163 428 1236 Quam
459 1162 511 1222 si
538 1183 672 1221 cum
697 1162 919 1221 lumbis
948 1163 1086 1241 quis
1118 1164 1325 1222 edit5ss.
1357 1164 1507 1222 Tum
1535 1178 1782 1242 pectore
1805 1167 2021 1224 adusto

2118 1165 2207 1224 90r

234 1241 512 1300 Vidimus
543 1254 603 1300 et
631 1241 895 1300 merulas
921 1243 1068 1320 poni
1090 1254 1148 1300 et
1179 1242 1310 1301 sine
1337 1243 1513 1301 clune
1540 1244 1859 1322 palumbes
1877 1246 1948 1319 ⁵⁷,

238 1321 465 1381 Suaves
491 1340 616 1390 reS,
646 1321 700 1379 si
728 1341 854 1380 non
885 1341 1098 1380 causas
1119 1335 1400 1381 narraret
1427 1343 1631 1382 earum
1663 1336 1722 1382 et

235 1399 496 1459 Naturas
527 1401 811 1458 dominus
830 1401 901 1470 ⁸⁸,
937 1421 1118 1480 quem
1138 1421 1253 1459 nos
1285 1403 1375 1460 sic
1401 1403 1665 1481 fugimus
1689 1403 1822 1474 ulti,

234 1479 319 1539 Ut
344 1479 497 1538 nihil
526 1480 775 1537 omnino
800 1482 1270 1558 gustaremu859,
1297 1481 1466 1540 velut
1491 1482 1615 1540 illis

237 1558 491 1617 Canidia
515 1557 800 1627 afflasset,
833 1555 1012 1637 pejor
1043 1561 1440 1638 serpentibus
1468 1562 1638 1619 Afris
1655 1563 1727 1619 ⁶⁰.

285 1710 353 1749 51.
389 1706 529 1759 Quod,
556 1717 733 1747 comme
764 1707 893 1760 quia.
925 1706 1056 1747 Nous
1085 1718 1187 1747 em-

233 1760 435 1816 ployons
458 1770 545 1811 qne
576 1758 694 1799 dans
721 1756 766 1799 16
791 1759 944 1800 meme
971 1769 1081 1800 sens
1103 1773 1113 1799 :
1143 1758 1187 1799 la

234 1811 402 1855 cruche
434 1808 627 1852 est-elle
658 1811 834 1864 665366,
863 1811 1002 1864 qu'on
1030 1823 1089 1853 ne
1121 1810 1189 1852 lui

236 1867 388 1908 donne
407 1876 494 1917 pes
523 1863 548 1904 ὲ
575 1862 739 1905 boire?
756 1886 808 1894 —
835 1867 901 1905 De
926 1866 1102 1917 pueris.
1122 1868 1187 1905 De

234 1916 472 1972 s'emploie
501 1928 612 1957 avec
644 1928 846 1971 qum-ere
874 1917 992 1959 dans
1009 1917 1053 1959 16
1077 1929 1187 1959 sens

234 1973 293 2014 de
312 1982 384 2013 ex.

285 2026 352 2065 52.
377 2023 515 2064 Fictis
543 2033 713 2070 rerum,
742 2033 863 2077 pour
887 2023 1009 2074 fictis
1035 2022 1185 2064 rebus.

238 2081 287 2120 V.
309 2076 395 2120 od.
415 2076 491 2127 IV,
509 2086 574 2125 x1,
591 2077 640 2116 19
651 2090 664 2127 ς
684 2073 774 2118 Sat.
798 2087 848 2128 11,
868 2077 935 2117 25.
954 2074 1186 2119 Snus-ent.

232 2131 303 2173 de.
336 2131 425 2173 Les
457 2127 676 2171 convives
707 2133 790 2170 ont
821 2128 954 2170 envie
988 2129 1045 2170 de
1077 2129 1184 2172 rire.

232 2184 323 2226 Par
371 2193 686 2231 convenence,
731 2179 793 2222 ils
846 2181 970 2224 rient
1013 2181 1188 2224 d’autre

234 2237 389 2287 chose,
415 2241 464 2277 et
494 2233 720 2277 Servilius
748 2233 818 2275 les
850 2239 946 2275 met
977 2247 1034 2275 en
1066 2236 1188 2276 train

234 2289 445 2340 (secundo
463 2289 748 2333 Balatrone).
768 2285 808 2328 11
827 2292 900 2328 est
918 2298 1097 2329 comme
1126 2301 1188 2329 un

231 2342 327 2435 hog
346 2346 460 2383 vent
479 2342 649 2393 (ventus
662 2339 898 2392 secundus)
914 2339 996 2392 qui
1014 2351 1186 2393 pousse

232 2394 277 2438 le
326 2400 474 2436 ateau.

284 2450 352 2488 53.
396 2446 656 2494 Nasidienc,
698 2445 837 2486 redis.
887 2445 1184 2500 Apostrophe

232 2500 475 2554 frequente
494 2499 606 2539 chez
638 2497 708 2539 les
734 2496 914 2552 poetes,
943 2497 1024 2551 qui
1042 2504 1140 2540 sert
1158 2500 1184 2538 a

231 2565 450 2606 man-quer
468 2565 528 2594 οιι
547 2550 856 2592 l'admiration
874 2563 992 2604 pour
1010 2550 1054 2592 le
1071 2562 1183 2604 per-

233 2617 439 2659 sonnage
466 2606 491 2645 ὲ
555 2604 600 2645 ui
616 2616 678 2644 on
697 2603 925 2645 s'adresse
957 2603 1093 2652 ainsi,
1126 2617 1183 2644 au

233 2656 330 2699 lieu
354 2658 412 2700 de
445 2670 529 2710 par
550 2670 601 2699 er
628 2658 687 2698 de
720 2655 785 2697 lui
818 2656 843 2697 ἐι
873 2656 917 2698 la
946 2655 1183 2699 troisieme

231 2722 482 2773 personne,
515 2723 575 2751 ou
604 2708 808 2751 l'intdret
833 2709 1053 2751 touchant
1072 2709 1184 2761 qu’il

231 2762 425 2816 mspire.
466 2766 512 2803 V.
530 2764 670 2803 vum.
694 2761 852 2815 Ge'org.
879 2764 955 2814 IV,
974 2766 1054 2803 465
1074 2777 1083 2804 :
1115 2770 1184 2813 Te,

234 2821 362 2858 dulcis
390 2821 551 2867 conjnx,
575 2824 616 2858 te
635 2822 722 2858 solo
739 2822 780 2858 in
804 2822 939 2861 littore
963 2832 1111 2867 secum,
1130 2822 1185 2860 Te

232 2874 422 2911 veniente
442 2872 521 2916 die.
548 2876 589 2910 te
612 2872 833 2912 decedente
860 2874 1042 2913 canebat.
1062 2868 1186 2909 Dans

234 2932 287 2962 ce
304 2930 502 2972 passage
515 2917 754 2970 d'Horace,
770 2924 892 2962 cette
903 2920 1187 2975 apostrophe

233 2972 354 3014 n’est
372 2971 512 3024 qu’un
526 2975 634 3012 tour
661 2971 889 3025 comique.
918 2995 970 3005 —
997 2977 1186 3015 Mutatae

233 3027 420 3079 frontis.
442 3022 673 3066 Sous-ent.
700 3024 844 3065 homo.

283 3086 353 3126 54.
367 3087 654 3127 mazonomo.
666 3076 951 3139 Μαζονόμος
964 3100 1025 3130 ou
1041 3079 1189 3142 μαζο-

229 3136 399 3199 νόμον,
412 3158 499 3187 une
509 3142 747 3197 tourtiere,
759 3147 817 3188 de
830 3139 979 3200 μάζα,
996 3153 1184 3201 gateau3

232 3198 419 3254 signifie
433 3197 561 3240 aussi
581 3210 642 3239 un
648 3197 855 3292 lplateau.
872 3223 924 3232 -
941 3204 1187 3255 Discerpta

232 3251 439 3293 membra
454 3252 599 3304 gruis.
626 3252 646 3293 1
685 3254 764 3293 eut
781 3253 852 3294 ete
875 3252 983 3307 plus
1010 3267 1186 3296 conve-

231 3304 368 3348 nable
389 3304 446 3346 de
471 3303 622 3345 servir
640 3317 727 3346 une
752 3303 949 3358 cigogne
981 3309 1055 3356 (on
1073 3309 1185 3370 pre-

228 3356 366 3399 ferait
384 3362 461 3399 cet
480 3356 680 3408 oiseau);
716 3357 774 3399 de
806 3358 960 3400 servir
985 3359 1186 3403 l’ammal

230 3411 380 3454 entier
403 3416 450 3453 et
467 3422 559 3451 non
579 3422 635 3450 en
662 3422 907 3452 mox-ceaux
925 3411 1017 3454 mal
1036 3413 1185 3468 depe-

230 3466 309 3506 663
328 3463 592 3516 (discerpta)
616 3468 662 3504 et
679 3463 772 3505 mal
790 3463 1101 3507 assaisonnes.

282 3520 351 3559 55.
369 3520 517 3559 Jecur.
543 3515 605 3557 Le
630 3514 722 3558 soie
750 3529 860 3571 gras
882 3517 967 3559 des
992 3519 1184 3561 moder-

231 3582 316 3613 nes
340 3575 413 3614 est
443 3567 586 3622 aussi,
626 3569 688 3610 du
720 3570 871 3612 moins
898 3568 942 3613 16
976 3570 1091 3623 vrai,
1120 3571 1184 3612 du

1241 1705 1336 1749 foie
1351 1706 1484 1750 d'oie.
1500 1707 1718 1750 L'animal
1731 1709 1854 1753 avait
1867 1711 1941 1752 όῐό
1953 1712 2204 1766 engraiss&

1243 1772 1354 1802 avec
1378 1761 1463 1802 des
1481 1759 1647 1814 figues,
1678 1767 1725 1803 et
1748 1763 1833 1804 des
1862 1763 1892 1803 fi
1930 1776 2011 1806 ues
2045 1765 2200 1807 excel·

1242 1812 1396 1855 lentes
1448 1813 1742 1867 (pinguibus).
1762 1815 1885 1857 C'est
1959 1816 2205 1859 asidienus·

1244 1866 1323 1927 qui
1337 1877 1545 1908 annonce
1558 1875 1941 1922 pompeusement
1953 1875 2074 1912 cette
2092 1882 2196 1924 par-

1241 1917 1489 1960 ticularite.
1531 1942 1582 1949 —
1617 1923 1822 1970 Pastum,
1856 1921 1883 1962 a
1917 1921 2176 1964 l’aceusatif

1242 1984 1381 2079 {225}
1398 1955 2195 2092 sufflat.‚Sirgsszssafssssar'fi

1295 2081 1363 2120 56.
1401 2081 1459 2121 Ut
1482 2080 1625 2120 multo
1654 2093 1855 2123 suavius.
1887 2084 1934 2124 V.
1967 2094 2015 2124 v.
2042 2083 2110 2125 53.
2141 2103 2195 2117 --

1241 2133 1420 2173 Armes.
1450 2132 1514 2195 116
1536 2134 1795 2187 gourmand
1814 2133 1970 2180 Catius
1998 2133 2108 2198 (Sat.
2128 2146 2191 2188 xv,

1242 2187 1308 2235 44)
1372 2183 1519 2227 refere
1545 2186 1672 2227 aussi
1690 2186 1883 2242 l'epaule
1901 2189 1965 2229 du
1979 2187 2123 2232 bevre
2136 2202 2203 2231 (ιιι

1243 2238 1324 2279 rab
1348 2252 1388 2279 6.
1401 2240 1579 2287 -Εάίε,
1595 2239 1652 2280 (16
1663 2241 1797 2290 baim,
1812 2241 2034 2283 ancienne
2045 2240 2193 2284 forme

1243 2291 1303 2333 de
1316 2292 1466 2332 edam.
1487 2293 1717 2334 Comedim
1729 2299 1804 2335 est
1816 2294 1934 2336 dans
1955 2307 2043 2336 une
2055 2295 2194 2338 lettre

1242 2343 1302 2386 (16
1325 2343 1532 2386 Ciceron.
1560 2349 1607 2386 V.
1627 2346 1779 2400 Epod.
1799 2357 1869 2398 111,
1888 2350 1928 2387 3.

1293 2400 1362 2437 57.
1386 2399 1572 2446 Adusta,
1602 2398 1747 2439 brnle.
1786 2422 1837 2429 —
1864 2401 2080 2448 Mer-alas,
2109 2401 2193 2443 des

1240 2449 1427 2491 merles.
1459 2452 1562 2491 Sine
1603 2452 1749 2492 clune.
1790 2452 1950 2495 C’ctait
1980 2453 2192 2507 precise-

1238 2508 1369 2544 ment
1389 2502 1433 2544 le
1452 2503 1690 2557 croupion‚
1710 2503 1754 2544 la
1771 2503 1959 2555 culotte,
1983 2505 2062 2558 qui
2081 2505 2194 2548 etait

1237 2553 1282 2595 16
1305 2568 1520 2597 moreeau
1535 2555 1580 2597 16
1602 2556 1710 2610 plus
1729 2557 1991 2599 recherche.

1290 2611 1358 2648 58.
1403 2612 1568 2650 suaves
1603 2621 1688 2650 res.
1733 2610 1804 2652 On
1839 2610 1987 2651 aurait
2026 2622 2193 2653 encore

1238 2662 1403 2703 trouve
1421 2666 1523 2702 tout
1550 2661 1647 2702 cela
1664 2659 1763 2703 tres
1782 2662 1891 2712 bon,
1926 2661 1999 2703 s'il
2026 2663 2194 2705 n'avait

1273 2726 1323 2754 as
1353 2712 1466 2754 fallu
1497 2713 1652 2755 avaler
1679 2714 1749 2755 les
1789 2715 2098 2769 explications
2135 2717 2193 2758 de

1270 2767 1584 2821 amphitryon.
1597 2789 1649 2798 -
1661 2769 1851 2815 Causas,
1862 2769 2121 2822 rapproche
2133 2769 2193 2811 de

1241 2825 1452 2866 naturas,
1500 2826 1599 2862 mot
1627 2819 1952 2875 emphatique5
1993 2820 2030 2861 il
2064 2821 2195 2876 purle

1240 2885 1353 2915 avec
1370 2872 1599 2914 l’autorite
1618 2873 1725 2914 d'un
1744 2878 1910 2915 savant
1925 2888 1935 2914 :
1952 2876 2108 2926 potuit
2126 2888 2200 2916 re—

1241 2938 1348 2966 rnm
1372 2938 1637 2979 cognoscere
1655 2938 1836 2968 causas.
1871 2949 1917 2958 —
1947 2929 2189 2976 Narrant,

1241 2979 1410 3022 n’avait
1425 2981 1625 3022 raconte.

1292 3044 1361 3082 59.
1377 3043 1448 3082 Sic
1467 3043 1556 3082 uici
1575 3047 1638 3090 ut,
1654 3054 1772 3083 nous
1787 3042 1913 3084 etant
1927 3043 2103 3097 vonges
2120 3043 2195 3095 ((16

1242 3108 1299 3189 εἰ
1310 3094 1596 3159 pedenterie)
1615 3108 1672 3135 au
1695 3093 1829 3149 point
1845 3094 1904 3190 (116
1923 3108 1981 3137 ne
1994 3108 2079 3150 pas
2093 3102 2195 3137 tou-

1241 3162 1266 3190 c
1302 3161 1353 3189 er
1374 3161 1400 3189 a
1417 3160 1494 3190 ces
1514 3160 1755 3190 nouveaux
1777 3160 1852 3189 me
1876 3159 1915 3190 s.

1292 3204 1358 3242 60.
1399 3202 1611 3243 Canidia.
1647 3205 1694 3243 Υ.
1726 3200 1820 3243 Sat.
1851 3202 1888 3253 1,
1917 3211 2018 3251 vm,
2050 3213 2193 3255 argu-

1240 3259 1385 3296 ment.
1412 3276 1457 3285 -
1489 3255 1602 3303 Illis,
1635 3259 1873 3296 sous-ent.
1904 3253 2105 3294 halitum
2133 3265 2196 3295 ou

1243 3319 1424 3354 auram,
1444 3306 1524 3359 qui
1544 3312 1618 3347 est
1635 3320 1695 3349 ex
1732 3306 1849 3348 rime
1863 3306 1981 3347 dens
2003 3305 2196 3349 Ciceron

1243 3361 1425 3406 (contre
1464 3359 1632 3407 Verres,
1671 3362 1689 3402 1
1719 3390 1730 3410 ‚
1771 3369 1805 3410 ι,
1839 3362 1923 3409 13).
1957 3380 2011 3390 —-
2044 3359 2190 3411 Afris.

1239 3413 1328 3454 Les
1353 3417 1569 3465 serpente
1594 3411 1832 3465 d'Afrique
1860 3416 1970 3452 sont
1994 3410 2065 3453 les
2084 3410 2191 3472 plus

1238 3464 1474 3507 terriblcs.
1489 3486 1542 3495 —
1565 3467 1704 3512 Velut,
1732 3476 1909 3505 comme
1933 3463 2001 3515 εἰς
2026 3461 2198 3517 ellipse

1237 3517 1481 3571 frequente
1527 3517 1585 3559 de
1623 3519 1666 3560 si
1705 3528 1881 3560 comme
1924 3528 2036 3559 avec
2082 3522 2192 3558 tan-

1238 3582 1394 3625 quam.

1259 2766 1269 2783 2
