2690 4169
475 229 567 278 874

477 341 820 401 Introrsum
858 354 1120 418 turpem,
1151 341 1499 418 speciosum
1530 342 1688 419 pelle
1719 344 2026 403 deam-212⁰.

1100 227 1535 288 EPISTOLAE,
1586 231 1634 285 1,
1684 245 1813 279 xvl.

2352 345 2433 404 45

479 444 506 476 α
541 421 668 479 Nec
700 422 924 480 furtum
957 420 1093 490 feci,
1126 440 1240 478 nec
1272 421 1399 501 fugi
1433 445 1460 475 ›>
1497 422 1550 478 si
1581 421 1730 478 mihi
1760 423 1909 480 dicit

477 499 728 570 Servus,
771 524 799 554 «
828 499 1035 557 Habes
1062 499 1347 577 pretium,
1381 501 1533 558 loris
1562 520 1687 559 non
1710 502 1996 572 ureris²²,
2034 527 2063 558 1>
2092 503 2210 564 aio.

471 603 593 633 -«
627 579 766 637 Non
796 578 1103 637 hominem
1128 578 1347 637 occidi.
1382 613 1461 622 —-
1482 578 1620 637 Non
1643 600 1860 657 pasces
1885 581 1949 640 in
1966 602 2146 642 cruce
2179 601 2421 642 corvos,

470 694 550 703 -—
577 658 724 717 Sum
740 660 941 716 bonus
974 668 1032 715 et
1057 658 1239 736 frugi.
1265 682 1291 712 ))
1312 692 1393 701 —
1413 658 1641 717 Renuit
1664 660 2014 740 negitatque
2037 661 2318 721 Sabellus
2340 662 2421 731 ²23

475 737 704 797 Cautus
739 738 899 795 enim
929 736 1142 795 metuit
1171 739 1403 795 foveam
1428 737 1631 815 lupuS‚
1655 739 2066 818 accipiterque

2350 742 2429 799 50

474 817 814 894 Suspectos
845 816 1118 894 laqueos,
1150 827 1208 873 et
1238 830 1518 894 opertum
1549 816 1794 876 milvius
1822 817 2126 878 hamum²³
2162 843 2173 877 :

473 896 753 954 Oderunt
781 915 1036 972 peccare
1069 895 1216 952 boni
1244 896 1491 954 virtutis
1518 915 1756 968 amore3

473 976 563 1034 Tu
601 975 755 1033 nihil
787 973 1068 1032 admittes
1100 974 1162 1031 in
1192 985 1274 1044 te,
1310 975 1635 1033 formidine
1665 976 1951 1052 poenae243

476 1054 569 1113 Sit
601 1073 747 1132 spes
779 1053 1048 1121 fallendi,
1077 1053 1367 1112 miscebis
1399 1073 1572 1112 sacra
1598 1055 1974 1132 profanis22⁵3

473 1134 647 1203 Nam,
688 1135 764 1191 de
793 1133 958 1190 mille
991 1133 1139 1189 fabae
1167 1133 1392 1191 modiis
1424 1153 1558 1191 cum
1590 1133 1760 1191 subri
1809 1135 1863 1192 is
1893 1155 2099 1206 unum,

470 1212 771 1271 Damnum
812 1214 907 1280 'st,
940 1231 1066 1268 non
1096 1211 1351 1281 facinus,
1384 1212 1534 1269 mihi
1564 1155 1804 1290 pactol)

1796 1213 1971 1272 enius
2002 1215 2121 1274 isto
2137 1216 2206 1273 ²⁶.
2331 1208 2335 1213 ’

470 1291 582 1349 Vir
614 1294 835 1360 bonuS,
870 1309 1048 1347 omne
1075 1290 1271 1348 forum
1302 1309 1480 1369 quem
1514 1303 1747 1368 spectat
1770 1303 1829 1350 et
1858 1313 2036 1352 omne
2064 1296 2418 1368 tribuna12⁷,

471 1371 988 1447 Quandocumque
1021 1368 1187 1426 Deos
1209 1368 1308 1428 vel
1336 1389 1526 1446 porco
1556 1370 1654 1428 vel
1680 1374 1833 1431 bove
1861 1372 2144 1450 placat²⁸‚

474 1474 501 1504 «
539 1450 690 1508 Jane
722 1448 957 1527 pater-2⁹
987 1471 1014 1501 υ
1051 1447 1233 1517 clare,
1270 1447 1431 1506 clare
1465 1469 1599 1507 cum
1625 1450 1777 1507 dixit
1812 1475 1838 1505 ε(
1870 1450 2128 1529 Apollo!
2168 1477 2195 1508 2>

467 1527 670 1586 Labra
699 1538 911 1587 movet
932 1539 1208 1585 metuens
1240 1527 1438 1585 audiri
1472 1551 1484 1583 :
1526 1552 1552 1582 «
1587 1528 1854 1587 Pulchra
1882 1530 2242 1602 Laverna³⁰,

2342 1534 2422 1592 60

468 1608 563 1665 Da
590 1608 738 1664 mihi
770 1606 1065 1677 fallere³¹,
1095 1609 1172 1664 da
1191 1605 1361 1684 justo
1393 1619 1723 1685 sanctoque
1746 1609 1973 1680 videri3

468 1687 722 1746 Noctem
749 1685 1020 1764 peccatis
1050 1698 1110 1744 et
1135 1686 1453 1744 fraudibus
1479 1685 1675 1765 objice
1705 1690 1948 1746 nubem.
1990 1713 2017 1744 2>

469 1765 589 1839 Qui
620 1767 834 1824 melior
866 1783 1068 1834 servo,
1104 1764 1207 1843 qui
1238 1765 1497 1824 liberior
1527 1766 1607 1824 sit
1636 1786 1853 1825 avarus

471 1845 541 1904 In
571 1846 774 1905 triviis
805 1845 988 1903 fixum
1018 1863 1153 1902 cum
1184 1863 1250 1901 se
1275 1844 1538 1902 demittit
1565 1846 1643 1904 ob
1674 1865 1873 1904 assem
1887 1846 1935 1882 ³²

516 2013 581 2051 20.
600 2010 723 2051 Pelle
737 2008 918 2049 decora.
937 2012 984 2049 V.
998 2006 1091 2050 Sat.
1102 2006 1161 2056 11,
1174 2017 1206 2059 1,
1219 2009 1270 2048 64
1289 2014 1337 2051 et
1347 2011 1413 2050 65.

514 2066 584 2105 21.
610 2061 778 2111 Habes,
799 2060 963 2103 c.-a-d.
985 2060 1070 2102 hoc
1087 2061 1176 2101 erit
1203 2059 1288 2103 tibi
1299 2074 1416 2115 pre-

465 2118 595 2158 tium.
618 2138 671 2147 -
693 2116 862 2157 Ureris.
890 2117 937 2154 V.
961 2113 1112 2167 Epod.
1134 2124 1197 2164 xv,
1219 2117 1258 2154 3.

513 2172 582 2211 22.
600 2169 756 2221 Frugi.
785 2171 830 2208 V.
862 2165 957 2209 Sat.
981 2167 1018 2217 1,
1034 2176 1103 2217 111,
1124 2168 1191 2208 49.
1211 2166 1275 2208 La
1292 2171 1416 2208 tem-

462 2223 659 2276 perance
687 2226 774 2272 est,
814 2220 930 2260 dans
962 2216 1033 2259 les
1064 2217 1195 2260 idees
1227 2219 1416 2260 ancien-

461 2286 568 2368 tta
584 2272 849 2367 Ῑέηωξῖἔῑὲξ
861 2276 1016 2365 Ἦέῗῖῗ
1027 2269 1417 2379 ἐὲἰιέθὶῗζὲῑῖἓὲ

462 2383 509 2421 et
537 2380 595 2420 de
635 2377 680 2420 la
706 2379 837 2420 sante
875 2375 1221 2419 intellectuelle.
1252 2379 1419 2419 Renuit

460 2434 741 2486 negitatque.
763 2430 824 2473 ce
838 2430 957 2471 n'est
969 2440 1070 2483 pas,
1087 2430 1298 2484 replique
1316 2431 1418 2471 Ho-

460 2497 588 2538 race,
615 2496 705 2526 une
740 2483 1059 2536 consequence
1086 2483 1144 2523 de
1171 2496 1222 2524 ce
1283 2496 1338 2524 ue
1365 2488 1417 2524 tu

458 2537 595 2580 viens
615 2538 673 2579 de
694 2536 915 2578 declarer.
929 2557 983 2566 —
1000 2534 1221 2577 Sabellus.
1283 2548 1417 2577 orace

461 2602 513 2633 se
541 2589 736 2645 designo
762 2589 992 2651 peut-etro
1020 2587 1140 2629 ainsi
1165 2588 1415 2630 lui-meme.

460 2643 556 2687 Son
568 2642 679 2685 bien
697 2644 810 2684 etait
823 2642 938 2683 dans
951 2640 996 2682 la
1014 2639 1195 2683 Sabine.
1211 2641 1418 2683 Sabellus

460 2702 579 2751 peut
589 2695 714 2738 aussi
725 2694 946 2749 designer
961 2692 1333 2736 collectivement
1347 2693 1417 2735 les

459 2761 661 2805 paysans
693 2748 870 2799 sabins,
903 2746 986 2801 qui
1011 2746 1195 2790 avaient
1209 2746 1254 2789 la
1284 2748 1419 2802 repu-

458 2801 608 2844 tation
632 2800 887 2844 d’hommes
924 2799 982 2841 de
1011 2812 1182 2841 moeurs
1211 2799 1416 2841 severes.

458 2856 599 2897 VIRG-
623 2853 781 2908 δέονθ’.
810 2854 868 2906 11,
892 2855 994 2893 532:
1014 2859 1125 2896 Hauc
1143 2859 1237 2896 olim
1253 2861 1417 2912 ‘veteres

458 2914 585 2951 vitam
605 2914 763 2951 coluere
783 2911 933 2949 Sabini.
951 2906 1073 2947 Tout
1096 2903 1326 2947 Sabelhen
1350 2906 1418 2945 re-

495 2959 590 3000 ond
606 2959 881 3000 sermement
896 2972 906 2998 ;
923 2959 1029 3000 Non
1050 2963 1103 2999 tu
1125 2956 1222 2999 n’es
1248 2968 1334 3011 pas
1356 2970 1418 2999 un

493 3023 645 3053 omme
662 3016 904 3053 vertueux.

513 3066 581 3106 23.
615 3066 801 3113 Cautus,
837 3068 926 3105 etc.
961 3060 1296 3115 comparaison
1320 3074 1413 3105 non

463 3115 700 3170 indiquee.
721 3119 769 3158 V.
787 3121 894 3158 note
914 3118 978 3158 12.
994 3138 1048 3147 -
1063 3116 1245 3156 Milvius
1259 3126 1318 3156 ou
1333 3128 1417 3156 mi-

458 3171 579 3218 luus,
593 3181 654 3210 un
668 3167 865 3223 poisson
875 3169 937 3210 du
948 3181 1091 3223 genre
1102 3168 1186 3208 des
1198 3167 1413 3211 dorades.

489 3224 578 3268 ‚24.
607 3225 683 3264 Tu.
705 3220 745 3262 Il
768 3221 998 3263 s'adresse
1017 3223 1041 3261 ἐι
1065 3233 1126 3260 un
1146 3219 1328 3263 homme
1352 3222 1414 3263 du

452 3274 686 3330 vulgaire.
713 3297 765 3304 —
792 3274 923 3316 Nihil
956 3291 1009 3310 =
1040 3274 1221 3314 nullum
1249 3275 1410 3316 scelus.

460 3350 514 3360 —
531 3329 786 3370 Admittere
806 3329 855 3367 in
872 3340 919 3367 se
951 3338 1003 3368 se
1034 3332 1282 3368 rencontre
1311 3326 1414 3381 plu-

458 3380 613 3424 sieurs
630 3379 722 3421 fois
745 3380 856 3421 chez
873 3379 944 3421 les
968 3378 1223 3433 comiques.
1244 3381 1283 3420 A
1304 3380 1412 3433 quel

458 3444 537 3475 cas
554 3440 628 3475 est
650 3432 694 3474 le
710 3431 938 3487 pronom?

511 3488 578 3527 25.
606 3487 686 3535 Sit,
706 3486 870 3527 c.-a-d.
892 3491 944 3526 at
957 3486 1000 3527 si
1015 3487 1091 3526 sit.
1111 3506 1165 3517 ·-
1183 3485 1409 3534 Fallendi,

458 3549 636 3580 comme
669 3538 860 3580 latendi.
910 3560 964 3569 -
981 3537 1221 3590 {Miscebiffi
1252 3542 1340 3580 etc.
1371 3536 1411 3579 11

1472 2010 1547 2062 n‘y
1567 2021 1676 2059 aura
1693 2008 1801 2062 plus
1829 2010 1931 2052 rien
1949 2011 2008 2052 (16
2037 2014 2167 2054 sacre
2187 2013 2315 2068 'pour
2335 2014 2416 2056 toi.

1523 2063 1591 2103 26.
1619 2065 1850 2104 Damnum
1871 2065 2031 2107 lenius.
2055 2065 2178 2109 C'est
2196 2080 2259 2109 un
2282 2068 2421 2110 dom-

1472 2126 1605 2169 mage
1632 2115 1741 2169 plus
1778 2115 1910 2171 leger
1949 2118 1993 2159 si
2027 2118 2071 2159 16
2094 2118 2201 2161 vole
2232 2133 2258 2161 a
2292 2120 2421 2162 mille

1472 2179 1682 2209 mesures
1726 2174 1962 2212 sous-ent.
1998 2183 2087 2224 que
2111 2171 2186 2213 s'il
2222 2186 2279 2214 en
2306 2187 2331 2215 a
2360 2187 2421 2215 un

1472 2220 1665 2262 nombre
1677 2170 1786 2275 plus
1805 2223 1938 2276 petit)
1953 2237 1965 2274 ς
1986 2223 2103 2266 mais
2130 2224 2173 2265 16
2194 2225 2336 2267 crime
2359 2227 2422 2267 du

1471 2272 1633 2314 voleur
1662 2280 1736 2316 est
1765 2275 1893 2316 aussi
1924 2276 2074 2330 grand
2098 2278 2124 2318 a
2148 2290 2249 2319 mes
2314 2293 2419 2332 eux,

1473 2325 1614 2367 mihi:
1632 2327 1718 2367 isto
1731 2334 1887 2380 pacto,
1906 2330 2124 2369 damnum
2142 2331 2258 2372 mihi
2294 2334 2423 2375 entus

1473 2384 1552 2425 est,
1576 2390 1666 2420 nou
1685 2380 1869 2434 (autem)
1885 2382 2073 2434 facinus
2091 2382 2237 2435 (l’acte
2255 2396 2315 2425 en
2337 2384 2423 2426 lui-

1470 2432 1634 2492 meme)
1643 2462 1652 2471 .
1662 2434 1776 2473 Lene
1784 2434 1985 2485 facinus,
2001 2437 2099 2476 lene
2108 2436 2344 2488 damnum,
2359 2438 2422 2481 al-

1471 2482 1618 2526 hance
1635 2483 1840 2527 insolite.

1523 2539 1593 2580 27.
1626 2539 1704 2578 Vir·
1731 2538 1883 2586 bonus,
1914 2552 1975 2579 un
2001 2538 2202 2582 honnete
2220 2540 2418 2596 homme,

1472 2589 1671 2632 honnete
1690 2603 1808 2645 pour
1825 2590 1868 2633 16
1887 2590 2110 2645 vulgaire,
2134 2605 2253 2648 pour
2270 2595 2313 2638 16
2336 2597 2423 2639 Fo-

1472 2655 1590 2684 rum.

1473 2744 1491 2788 1
1524 2698 1593 2734 28-
1625 2697 1798 2745 ”lat-at,
1814 2694 2251 2752 chercheaapaiser.
2268 2703 2313 2742 V.
2330 2701 2419 2745 od.

1497 2778 1508 2799 5
1525 2757 1633 2799 1⁸⁸1,
1656 2751 1697 2789 2-

1525 2803 1591 2841 29.
1619 2804 1746 2842 Jane.
1783 2804 1827 2841 V.
1845 2798 1941 2843 Sat.
1962 2800 2021 2851 11,
2039 2809 2105 2852 vi,
2127 2805 2192 2844 20.

1525 2856 1592 2895 30.
1619 2855 1841 2901 Laverna,
1876 2853 2041 2896 deesse
2091 2856 2175 2897 des
2209 2857 2415 2910 voleurs,

1470 2905 1699 3011 mg?
1720 2909 2422 3010 qJJ‘Zffleeur'issusiessssl'ssfflfin*

1470 3010 1594 3052 avait
1609 3009 1737 3051 aussi
1755 3009 1798 3050 la
1817 3016 1952 3063 porte
2005 3012 2232 3056 avernale.
2387 2977 2422 3021 y

1523 3065 1588 3105 31.
1617 3064 1809 3104 Fallere.
1833 3067 1879 3105 V.
1898 3077 1945 3107 v.
1965 3068 2032 3107 54.
2045 3089 2099 3099 —-
2113 3070 2240 3109 Justo
2260 3067 2427 3116 videri*

1475 3120 1523 3157 V.
1548 3115 1640 3159 Sat.
1663 3117 1698 3165 1,
1721 3126 1783 3168 ιν,
1803 3118 1868 3157 38.

1521 3172 1588 3211 32.
1617 3170 1783 3209 Fixum
1816 3181 1977 3211 assem.
2013 3170 2137 3212 C’est
2169 3183 2255 3213 une
2291 3172 2420 3227 plai-

1470 3221 1669 3264 santerie
1697 3234 1787 3274 que
1821 3221 1865 3263 16
1895 3223 2064 3277 peuple
2093 3225 2309 3279 pratique
2333 3239 2416 3268 en-

1467 3286 1574 3316 core
1596 3274 1895 3327 aujourd’hui.
1921 3276 1994 3319 On
2028 3277 2175 3319 soude
2199 3290 2261 3319 un
2292 3290 2378 3320 sou
2394 3280 2423 3320 ὲ

1468 3340 1529 3368 un
1545 3338 1758 3368 morceau
1778 3328 1837 3370 de
1854 3327 2011 3379 metal,
2033 3334 2081 3371 et
2102 3341 2164 3371 on
2185 3330 2229 3372 16
2248 3330 2343 3372 fixe
2361 3345 2424 3374 en

1467 3385 1591 3421 terre
1608 3392 1667 3422 ou
1696 3386 1827 3422 entre
1855 3380 1979 3422 deux
2006 3384 2150 3435 paves
2176 3398 2186 3425 :
2208 3383 2279 3426 les
2303 3397 2419 3438 pas-

1466 3437 1598 3474 sants
1630 3433 1821 3475 veulent
1847 3432 1892 3474 le
1925 3446 2167 3483 ramasser,
2200 3442 2247 3478 et
2277 3448 2339 3478 on
2368 3449 2425 3479 se

1461 3497 1633 3547 ¹moque
1663 3486 1813 3529 d’eux.
1846 3507 1898 3518 —-
1945 3488 2047 3540 Qui,
2085 3496 2334 3541 comment,
2364 3503 2422 3532 en

1466 3550 1574 3591 qum
1586 3538 1606 3579 Ρ
