2690 4169
509 320 599 368 154
1113 318 1481 374 CARMINA,
1532 317 1634 374 IV,
1684 331 1755 373 ιι,
1801 330 1852 363 x.

1336 722 1445 789 lx
1492 721 1626 812 [10]

1222 889 1262 928 A
1316 887 1723 930 LIGURINUS

562 1029 631 1076 Le
656 1030 808 1090 poete
828 1026 1019 1074 avertit
1040 1026 1089 1074 le
1105 1026 1260 1089 jeune
1283 1026 1563 1088 Ligurinus
1587 1023 1713 1088 qu’il
1746 1020 1927 1070 n’aura
1991 1039 2049 1071 as
2082 1021 2318 1086 toninurs
2341 1022 2444 1070 lieu

501 1089 660 1137 d’etre
682 1088 728 1136 si
752 1088 848 1136 fier
872 1088 934 1136 de
961 1104 1019 1135 sa
1042 1089 1247 1136 beaute.
1279 1115 1343 1124 —
1365 1089 1491 1136 Vers
1515 1087 1683 1149 grand
1707 1085 1938 1148 asclepia
1978 1101 2021 1132 e.
2059 1084 2136 1149 (V.
2161 1086 2337 1133 Notice
2358 1099 2446 1131 sue·

499 1151 570 1198 les
593 1155 788 1214 meires,
818 1150 841 1212 ἓ
865 1151 941 1207 25,
969 1153 1039 1210 3⁰,
1069 1154 1162 1209 et§
1187 1152 1262 1207 22,
1290 1153 1375 1214 2⁰.)

506 1299 556 1356 O
592 1300 901 1358 formosus
932 1299 1127 1357 adhuc
1159 1309 1218 1357 et
1242 1291 1504 1357 Veneris
1530 1297 1886 1355 muneribus
1916 1308 2165 1374 potenS,

507 1379 826 1456 Insperata
853 1389 968 1436 tuae
993 1397 1129 1436 cum
1151 1378 1357 1436 veniet
1385 1378 1588 1454 pluma
1617 1377 1918 1453 superbiae
1936 1378 1979 1446 ¹,

504 1457 584 1515 Et
615 1478 746 1536 quae
776 1477 939 1515 nunc
968 1456 1197 1516 umeris
1230 1457 1548 1516 involitant
1572 1455 1911 1513 deciderint
1937 1475 2120 1513 comae
2141 1454 2186 1524 2,

502 1537 678 1597 Nunc
704 1548 763 1594 et
792 1536 896 1614 qui
922 1534 1093 1594 color
1122 1547 1215 1594 est
1243 1534 1514 1614 puniceae
1545 1534 1693 1591 flore
1724 1533 1934 1611 prior³
1964 1554 2120 1593 rosae

505 1653 775 1713 Mutatus
803 1653 1166 1734 Ligurinum
1197 1654 1260 1711 in
1287 1653 1496 1711 faciem
1519 1651 1770 1711 verterit
1801 1651 2124 1729 hispidam,
2409 1651 2445 1709 5

505 1733 692 1792 Dices
725 1733 842 1791 heu
873 1733 1113 1812 quoties
1143 1745 1202 1791 te
1233 1732 1482 1810 speculo
1510 1729 1741 1789 videris
1773 1730 2025 1788 alterum
2056 1752 2068 1786 ε

507 1836 533 1866 <c
583 1810 729 1885 Quae
752 1831 925 1870 mens
953 1824 1045 1871 est
1075 1812 1255 1871 hodie
1287 1832 1396 1870 cur
1426 1811 1632 1868 eadem
1665 1828 1787 1866 non
1815 1829 2003 1885 puero
2030 1809 2183 1867 fuit?

499 1891 610 1949 Vel
642 1911 752 1951 cur
777 1891 874 1950 his
899 1891 1118 1950 animis
1139 1893 1158 1926 '⁶
1191 1890 1526 1950 incolumes
1561 1908 1683 1946 non
1713 1888 1971 1945 redeunt
1998 1907 2167 1966 genae
2191 1890 2213 1945 P
2246 1911 2274 1944 »

1293 2235 1294 2238 ‘
1343 2258 1410 2325 Χ
1457 2259 1591 2347 [11]

1260 2425 1300 2465 A
1356 2426 1672 2468 PHYLLIS

561 2563 760 2610 Horace
781 2561 943 2610 invite
962 2562 1163 2625 Phyllis
1189 2565 1221 2610 ὁ.
1242 2564 1392 2612 venir
1417 2564 1648 2612 celebrer
1668 2564 1791 2612 ehez
1814 2564 1890 2612 lui
1913 2565 1966 2611 la
1985 2564 2276 2621 naissanee,
2301 2562 2446 2611 c’est-

402 2636 406 2640 ’
497 2622 665 2671 &edire
688 2623 741 2670 la
768 2625 868 2671 sete
894 2624 956 2672 de
979 2626 1202 2682 Μόοὲηε,
1229 2641 1330 2673 aux
1358 2626 1469 2674 ides
1509 2626 1577 2688 (le
1606 2627 1665 2673 13
1721 2625 1925 2674 d’avril.
1953 2626 2021 2674 Ce
2050 2624 2173 2688 jour
2195 2630 2276 2673 est
2299 2627 2447 2672 sacre
2536 2678 2540 2683 .

536 2701 632 2732 our
668 2685 761 2742 lui,
800 2701 999 2734 comme
1032 2686 1078 2734 si
1117 2686 1290 2734 c’etait
1325 2704 1386 2734 sa
1422 2703 1617 2750 propre
1676 2692 1772 2735 ete.
1806 2714 1871 2724 —-
1907 2687 2131 2749 strophe
2169 2686 2444 2749 suphique.

496 2700 575 2810 fV.
602 2747 779 2794 Notice
799 2763 889 2794 sur
912 2747 983 2794 les
1007 2752 1202 2812 mette-⁹,
1233 2749 1256 2811 ἓ
1281 2750 1369 2804 28;
1399 2755 1422 2808 §
1451 2752 1534 2807 19;
1569 2755 1592 2809 ἓ
1621 2749 1667 2810 1,
1700 2751 1792 2811 1⁰.)

775 2888 889 2946 Est
919 2887 1066 2946 mihi
1095 2907 1322 2947 nonum
1354 2890 1698 2966 superantis
1731 2910 1952 2948 annum

773 2967 1002 3026 Plenus
1032 2965 1253 3025 Albani
1285 2969 1470 3026 cadus
1492 2969 1509 3002 ¹
1532 2991 1548 3039 3
1578 2980 1672 3026 est
1700 2968 1763 3026 in
1795 2968 1994 3039 hort0‚

547 3174 647 3217 ODE
675 3174 752 3215 IX.
781 3194 828 3205 —
859 3177 898 3215 1.
926 3175 1106 3222 Pluma,
1137 3174 1279 3216 duvet
1307 3175 1381 3227 (de
1399 3174 1443 3215 la
1548 3178 1590 3217 2.
1619 3177 1893 3227 Deciderint,
1922 3190 2060 3232 parce
2081 3178 2216 3232 qu’on
2234 3178 2304 3220 les
2332 3190 2450 3221 cou-

492 3225 637 3268 barbe
652 3225 916 3278 naissante).
935 3249 980 3256 -
999 3229 1252 3320 Ιηὰςρενατα,
1275 3227 1443 3281 auquel
1495 3241 1620 3283 pera.

491 3286 543 3320 tu
576 3291 633 3320 ne
658 3279 878 3320 t’attends
910 3291 1009 3333 pas.
1085 3293 1112 3319 u
1142 3293 1199 3321 ne
1230 3292 1331 3320 com
1373 3286 1441 3322 tes
1547 3285 1587 3322 3.
1616 3283 1761 3322 Prior.
1804 3285 1859 3323 Et
1894 3295 1995 3324 cum
2031 3285 2176 3334 color,
2211 3285 2292 3339 qui
2327 3297 2451 3325 nunc

492 3344 576 3386 pas
612 3344 691 3373 sui·
728 3336 848 3372 cette
883 3331 1025 3373 barbe
1098 3331 1140 3372 ui
1171 3338 1218 3374 te
1255 3333 1312 3374 de
1349 3345 1441 3386 gu-
1494 3345 1608 3374 rosae
1638 3336 1751 3387 flore
1778 3337 1915 3389 prior·
1945 3342 2022 3385 est,
2055 3343 2259 3379 mutatus
2285 3338 2374 3378 eric
2403 3345 2451 3378 et

496 3398 613 3426 rere.
633 3387 827 3438 Sperat-e
854 3382 1043 3438 indique
1062 3346 1203 3427 ffiidee
1225 3384 1440 3440 generale
1493 3387 1763 3439 Ligurinum
1786 3390 1981 3438 verterit,
2008 3396 2095 3432 etc.

492 3437 736 3492 d'asstente,
769 3437 919 3478 meme
957 3450 1067 3479 avec
1099 3438 1350 3480 sentiment
1381 3438 1439 3480 de
1545 3442 1586 3480 4.
1617 3441 1701 3481 His
1721 3442 1900 3489 animis,
1925 3442 2041 3484 dans
2063 3456 2137 3484 ma
2165 3442 2452 3496 disposition

493 3489 680 3533 crainte.
701 3493 895 3531 Tantum
907 3502 1093 3543 sperare
1108 3492 1308 3532 dolorem
1323 3492 1440 3533 dans
1493 3491 1687 3535 actuelle
1715 3492 1924 3546 d’esprit.
1955 3517 2008 3526 —
2076 3508 2141 3536 uae
2168 3507 2303 3537 mens.
2340 3496 2449 3549 Quae

490 3542 692 3597 Vin-gilo,
708 3548 755 3585 et
772 3549 1055 3596 quartanam
1065 3543 1234 3597 febrim
1251 3556 1440 3597 speran—
1496 3551 1568 3586 est
1588 3544 1629 3585 le
1650 3544 1889 3588 correlatif
1903 3547 1960 3588 de
1980 3559 2001 3587 e
2068 3560 2152 3590 em.

493 3602 556 3637 tes
582 3597 698 3638 dans
728 3594 936 3639 Juvenal.
960 3618 1013 3627 —
1034 3595 1274 3651 Superbiae,
1306 3594 1436 3638 datis.
1548 3596 1649 3640 01>ss
1678 3599 1732 3641 X.
1751 3620 1804 3630 —
1828 3602 1868 3641 1.
1891 3599 2077 3643 Albani.
2097 3601 2159 3642 Le
2181 3600 2263 3643 vin
2282 3599 2451 3644 d’Albe
