2690 4169
502 228 592 275 268

1209 229 1533 285 SATIRAE,
1584 229 1669 288 11,
1719 243 1755 274 1.

502 347 751 404 Grande
783 345 1002 403 malum
1037 344 1262 404 Turius
1281 345 1354 414 ³⁶,
1392 344 1444 403 si
1481 343 1630 422 quid
1662 361 1727 401 se
1749 341 1957 421 judice
1990 342 2274 401 certes³⁷.

500 422 585 483 Ut
614 444 735 503 quo
769 424 1030 503 quisque
1053 424 1213 483 valet
1244 434 1569 501 suspectos
1600 433 1849 491 terreat,
1893 433 2080 499 utque

2378 423 2461 482 50

503 501 769 581 Imperet
797 503 914 562 hoc
945 514 1162 561 natura
1191 515 1436 580 potenS,
1473 502 1563 560 sic
1593 500 1814 580 collige
1847 501 2168 559 mecum³⁸.

500 581 699 640 Dente
730 582 934 660 lupuS,
974 602 1165 641 cornu
1196 594 1409 640 taurus
1441 581 1593 659 petit
1624 604 1635 637 :
1671 582 1833 638 unde
1855 580 1978 637 nisi
2010 580 2176 638 intus

502 661 1017 721 Monstratumw?
1051 660 1270 719 Scaevae
1297 661 1570 720 vivacem
1603 661 1784 718 crede
1816 658 2094 736 nepoti⁴⁰

501 739 794 799 Matrem:
829 740 917 798 nil
950 740 1128 799 faciet
1160 740 1415 799 sceleris
1448 739 1549 817 pia
1580 741 1850 807 dextera,
1887 738 2130 806 mirum,

509 818 585 878 Ut
616 840 814 899 neque
847 820 1009 879 calce
1041 820 1223 898 lupus
1264 839 1650 898 quemquam,
1685 838 1883 895 neque
1916 819 2096 875 dente
2119 817 2273 896 petit
2301 818 2455 888 bos;

507 898 628 957 Sed
660 899 818 957 mala
847 899 1021 957 tollet
1049 919 1228 957 anum
1259 899 1474 957 vitiato
1505 897 1684 956 melle
1715 897 1929 955 cicuta.

2377 899 2458 955 56

502 978 592 1037 Ne
623 979 873 1058 longum
908 979 1141 1047 faciam,
1178 998 1285 1036 seu
1318 997 1413 1035 me
1445 976 1775 1056 tranquilla
1809 988 2094 1034 senectus

500 1058 850 1136 Exspectat,
888 1077 996 1115 seu
1028 1058 1202 1116 Mors
1234 1058 1383 1115 atris
1416 1055 1811 1115 circumvolat
1836 1056 1971 1123 alis,

499 1135 711 1206 Dives,
748 1137 952 1215 inol)S,
989 1137 1219 1204 Romae,
1257 1156 1364 1194 seu
1399 1136 1587 1194 sors⁴¹
1624 1136 1708 1193 ita
1734 1132 2016 1214 jusserit,
2054 1134 2248 1205 exsul,

499 1215 795 1295 Quisquis
827 1216 945 1274 erit
969 1217 1107 1275 vitae
1139 1215 1403 1274 scribam
1437 1214 1692 1273 color⁴².

1238 1339 1674 1378 TREBATIUS.

1730 1397 1780 1456 Ο
1814 1418 1990 1477 puer,
2025 1410 2091 1457 ut
2121 1398 2210 1458 sis
2371 1400 2453 1457 60

495 1478 715 1537 Vitalis
747 1480 1036 1549 metuo⁴³,
1078 1492 1136 1537 et
1164 1476 1460 1558 majorum
1499 1498 1577 1536 ne
1609 1478 1747 1558 quis
1779 1478 2010 1537 amicus

495 1557 756 1637 Frigore
795 1571 852 1616 te
884 1559 1060 1617 feriat
1072 1559 1143 1615 ¹⁶⁴.

1264 1655 1668 1696 HORATIUS.

1300 1741 1502 1814 Quid?
1532 1763 1667 1802 cum
1699 1755 1793 1802 est
1822 1742 2098 1802 Lucilius
2130 1761 2317 1802 ausus

483 1821 733 1882 Primus
763 1823 826 1881 in
858 1822 1020 1881 hunc
1052 1821 1260 1900 operis
1293 1841 1661 1899 componere
1694 1822 1962 1881 carmina
1989 1841 2242 1891 morem,

486 1900 826 1960 Detrahere
858 1913 918 1959 et
944 1901 1169 1980 pellem
1201 1900 1436 1960 nitidus
1467 1921 1587 1979 qua
1614 1901 1874 1980 quisque
1905 1920 2018 1979 per
2051 1921 2161 1959 ora

487 1979 835 2052 Cederet⁴¹⁵,
865 1981 1202 2039 introrsum
1233 1979 1457 2060 turpis,
1492 2000 1634 2038 num
1666 1980 1890 2040 Laelius
1924 1993 2025 2040 aut
2053 1979 2157 2060 qui

531 2168 598 2208 36.
620 2169 666 2207 C.
689 2167 852 2206 Turius
871 2164 1155 2218 Marinus-,ju
1193 2176 1217 2204 e
1236 2176 1437 2206 corrom-

478 2232 556 2273 pu,
572 2217 867 2261 condamnait
878 2230 995 2260 ceux
1004 2217 1085 2272 qui
1097 2230 1154 2260 ne
1186 2230 1209 2258 e
1218 2216 1439 2272 payaient

512 2283 577 2312 as.

477 2284 509 2325 p
528 2326 595 2365 37.
624 2325 675 2365 Se
692 2323 852 2375 judice
879 2330 1032 2365 certes.
1061 2322 1144 2366 Cet
1178 2320 1352 2416 emlploi
1379 2322 1438 2363 de

475 2388 521 2417 se
539 2376 657 2418 dans
674 2388 763 2417 une
817 2375 1077 2430 roposition
1103 2375 1220 2418 dont
1263 2387 1288 2416 e
1316 2374 1439 2430 sujet

476 2428 595 2471 n'est
608 2441 692 2483 pas
712 2429 769 2470 (le
781 2389 833 2470 ἵει
859 2430 1009 2471 meme
1026 2441 1258 2484 personne
1278 2433 1353 2470 est
1370 2441 1440 2469 re-

474 2495 574 2523 mar
611 2481 757 2524 uable.
768 2481 901 2524 Voici
913 2481 1033 2525 trois
1054 2481 1295 2537 exemplos
1310 2493 1438 2523 sem-

473 2534 582 2576 blab
604 2548 656 2577 es
675 2535 732 2576 de
753 2534 946 2578 Ciceron
965 2549 976 2577 ε
999 2538 1042 2576 1⁰
1075 2537 1186 2577 Cum
1213 2535 1275 2575 ad
1304 2533 1439 2575 illum

473 2588 649 2630 scribas
668 2588 789 2629 nihil
805 2595 852 2630 te
870 2589 1107 2629 recordari
1128 2589 1181 2628 de
1201 2600 1252 2629 se
1268 2602 1282 2639 ;
1309 2590 1356 2627 2⁰
1385 2588 1440 2628 Ei

473 2644 555 2695 qui
565 2641 657 2683 sibi
665 2648 941 2683 successerat
957 2642 1152 2682 tradidit
1163 2642 1413 2681 exercitum
1422 2653 1441 2686 ;

472 2697 517 2734 3⁰
548 2696 675 2737 Mira
702 2701 836 2735 erant
866 2696 915 2735 in
937 2693 1199 2735 civitatibus
1233 2695 1438 2747 ipsorum

470 2749 607 2800 sict-ta
633 2751 886 2789 Graecorum
915 2761 1014 2801 quae
1035 2746 1338 2801 magistratus
1365 2745 1439 2788 sui

469 2802 679 2854 fecerant
693 2815 711 2847 ;
726 2824 779 2831 —
799 2814 860 2841 un
879 2800 1074 2842 d'Ovide
1096 2815 1105 2840 :
1128 2801 1235 2853 Ipse
1253 2798 1336 2840 sub
1351 2801 1436 2840 Es-

471 2855 629 2916 quiliis
644 2853 834 2895 abierat
845 2866 927 2894 sua
936 2854 1070 2906 regia
1079 2865 1216 2893 caesus
1230 2852 1438 2893 Concidit

472 2917 520 2945 m
535 2906 657 2947 dura
668 2906 1049 2958 sanguinolentus
1064 2904 1200 2945 humo
1214 2917 1234 2950 ,·
1245 2925 1298 2934 —
1313 2910 1362 2946 et
1376 2917 1437 2945 un

471 2957 530 2999 de
548 2958 654 3000 Tite
669 2958 781 2999 Livc
800 2973 808 2998 :
827 2957 1168 3011 Rcmpublicam
1191 2958 1434 3004 exercitus,

470 3010 572 3050 odio
592 3012 802 3057 consulis,
826 3016 1050 3063 quantum
1069 3011 1119 3050 in
1141 3021 1192 3049 se
1209 3010 1304 3062 suit
1317 3022 1435 3062 pro-

468 3062 619 3104 debat.
637 3062 887 3116 Comparez
898 3061 1022 3104 enfin
1029 3064 1134 3103 Fuit
1144 3061 1231 3103 hoc
1244 3061 1302 3112 (la
1313 3067 1437 3103 mort

467 3113 754 3211 <slel'01rate31r
768 3115 976 3169 Crassus)
993 3114 1247 3157 luctuosum
1258 3113 1372 3167 suis,
1389 3120 1436 3156 et

501 3172 564 3209 at.
610 3199 620 3219 ,
644 3178 674 3219 1,
729 3199 740 3210 .

517 3223 584 3262 38.
620 3222 736 3275 Quo,
778 3219 940 3260 c.·2'1-d.
987 3219 1151 3273 quibus
1192 3222 1337 3261 armis
1373 3232 1432 3261 on

467 3273 651 3315 viribus.
676 3295 729 3306 -·
754 3274 826 3314 Sic
844 3273 1007 3325 collige
1035 3278 1099 3323 ut,
1128 3285 1273 3329 voyez
1301 3277 1431 3319 (con-

466 3327 608 3379 cluez)
629 3340 715 3383 par
736 3326 806 3368 les
826 3324 1067 3387 exemples
1085 3325 1294 3368 suivants
1311 3338 1432 3367 com-

464 3392 555 3432 me,
576 3393 636 3422 ou
662 3392 766 3435 que.
797 3377 1043 3420 L’infimtif
1060 3385 1133 3421 est
1160 3379 1203 3419 ln
1234 3384 1431 3433 syntaxe

465 3440 714 3484 ordinaire.
750 3442 973 3493 Colligere
1005 3456 1060 3477 =
1092 3430 1425 3492 συλλογίζειν.

515 3497 583 3536 39.
623 3499 750 3537 latus
779 3499 1100 3535 monstratum.
1130 3494 1243 3535 D’oi'i
1269 3493 1429 3533 l'indi-

466 3547 619 3592 cation
649 3547 751 3589 leur
778 3545 970 3589 est-elle
1000 3560 1163 3600 venue,
1194 3545 1331 3589 sinon
1367 3545 1430 3588 du
1460 3602 1464 3606 .

2367 1981 2449 2039 65

1494 2165 1688 2218 dedans,
1705 2167 1858 2207 (εμὲ-(1.
1872 2178 1958 2221 par
1972 2179 2033 2207 un
2048 2165 2243 2208 instinct
2251 2165 2450 2228 propre?

1493 2221 1622 2259 Intus
1637 2219 1931 2274 s'employait
1948 2231 2039 2260 aux
2064 2219 2184 2261 trois
2199 2224 2448 2274 questions

1496 2270 1585 2319 ubi,
1607 2273 1740 2320 unde,
1762 2286 1866 2327 quo,

1544 2334 1612 2373 40.
1625 2336 1795 2383 Scaevae,
1807 2332 2043 2375 debauche
2054 2332 2133 2386 qui
2144 2332 2447 2386 empoisonna

1494 2397 1545 2427 sa
1561 2382 1702 2427 mere.
1718 2408 1770 2418 --
1781 2387 1955 2440 Nepoti,
1974 2386 2089 2428 dans
2103 2385 2148 2427 le
2165 2388 2315 2427 meme
2336 2398 2448 2427 sens

1494 2452 1583 2492 que
1602 2438 1709 2492 plus
1729 2439 1853 2489 haut,
1886 2439 1980 2482 Sat.
2002 2440 2037 2490 1,
2069 2449 2131 2490 ιν,
2161 2441 2229 2480 48.
2257 2461 2311 2470 -
2339 2440 2439 2486 Pia,

1492 2491 1737 2533 innocente
1767 2492 2154 2546 (ironiquement).
2177 2514 2230 2523 —
2257 2493 2444 2540 Mirum,

1494 2545 1633 2586 chose
1658 2546 1905 2587 &tonnante
1932 2544 2059 2586 aussi
2077 2542 2205 2587 vraie
2231 2544 2344 2599 qu’il
2370 2549 2443 2586 est

1492 2597 1593 2639 vrai
1623 2599 1763 2653 qu’un
1788 2597 1968 2652 loup...‚
1998 2596 2138 2651 qu’un
2171 2596 2302 2639 boeuf
2322 2596 2444 2639 n'at·

1491 2656 1631 2705 taque
1648 2663 1748 2705 pas,
1769 2656 1857 2693 etc.

1543 2706 1611 2745 41.
1640 2706 1739 2753 Sea,
1760 2703 1925 2745 εμὲ-(1.
1952 2703 2057 2750 sive,
2090 2703 2157 2745 vel
2171 2704 2231 2746 si.
2257 2724 2311 2736 --
2335 2703 2448 2745 Cir-

1491 2757 1733 2805 cumvolat‚
1749 2760 1972 2797 sous-ent.
1986 2756 2093 2806 J‘am
2112 2768 2246 2798 nunc.

1543 2812 1610 2850 42.
1644 2810 1777 2851 Color
1810 2810 1923 2850 αἰτεῖ.
1961 2807 2230 2862 ΜόῐειρΙιοτο
2259 2807 2340 2864 qui
2371 2808 2446 2850 si·-

1490 2861 1992 2957 {ggiggssgagggsstelffevog
2009 2860 2051 2901 la
2074 2861 2445 2966 ,Οὲἷξῐυὶῐεθκεὲῐῒ

1990 2944 2000 2953 .
2071 2942 2080 2953 .
2224 2944 2233 2954 .
2288 2943 2299 2963 ,
2428 2943 2439 2960 ,

1490 2969 1557 3009 23.
1586 2968 1674 3009 Sur
1696 2966 1790 3021 l’hy
1826 2966 2001 3014 orbato,
2034 2968 2079 3005 V.
2108 2967 2205 3008 Sat.
2232 2967 2267 3012 Ι,
2294 2978 2337 3016 ν,
2362 2968 2440 3016 '72;

1492 3021 1557 3070 11,
1581 3032 1613 3071 1,
1634 3021 1676 3069 2,
1699 3020 1742 3069 3,
1775 3022 1784 3032 '
1818 3050 1829 3069 ‚
1853 3032 1900 3069 x,
1926 3025 1974 3060 et
1991 3031 2111 3072 page
2136 3032 2210 3060 xi..

1540 3075 1608 3114 43.
1637 3074 1789 3114 Metuo
1809 3077 1874 3122 ut,
1893 3083 2073 3113 comme
2090 3077 2241 3113 metuo
2258 3082 2316 3113 ne
2334 3082 2442 3112 non.

1487 3145 1540 3156 —
1557 3125 1806 3177 Majorum,
1824 3124 1907 3166 des
1926 3123 2116 3179 grands.

1538 3179 1606 3218 44.
1634 3179 1837 3229 Frigore,
1857 3176 2030 3218 accueil
2057 3176 2205 3230 giaco,
2224 3175 2440 3218 inimitie.

1538 3232 1607 3271 45.
1633 3232 1817 3277 Pellem,
1839 3230 2176 3285 deguisement.
2196 3233 2243 3272 V.
2259 3230 2387 3285 Epit.
2405 3231 2445 3280 1,

1486 3291 1581 3332 xvi,
1602 3285 1668 3324 45.
1688 3304 1742 3314 —
1760 3283 1955 3329 Nitidus,
1976 3280 2294 3324 brillamment
2313 3283 2444 3336 pare.

1494 3339 1538 3377 V.
1562 3335 1649 3378 Od.
1669 3336 1750 3388 111,
1768 3346 1902 3386 xvm,
1921 3338 1988 3377 20.
2010 3338 2162 3376 —Per
2178 3347 2265 3376 ora
2288 3336 2446 3376 homi-—

1486 3401 1609 3435 num,
1648 3388 1819 3431 devant
1847 3388 1891 3431 le
1921 3389 2105 3430 monde.
2143 3411 2197 3420 -
2237 3388 2437 3434 Cedet-et,

1485 3453 1662 3483 comme
1704 3442 1944 3491 incederet,
1994 3440 2149 3482 arebat
2184 3454 2239 3483 ue
2288 3453 2347 3482 en
2386 3452 2444 3482 co

1485 3506 1611 3535 sens.
1636 3493 1900 3549 Subjonctif
1909 3492 2047 3536 attire
2064 3506 2147 3547 par
2185 3504 2330 3536 esens
2349 3492 2445 3547 86-

1483 3546 1613 3591 neral
1633 3554 1679 3591 et
1697 3559 1845 3604 vagus
1865 3547 1926 3591 de
1941 3545 1987 3590 la
2007 3547 2197 3603 penses.
