2690 4169
922 205 1248 261 SATIRAE,
1298 206 1348 260 1,
1406 219 1517 252 vn.

2111 203 2202 251 247

244 313 339 372 Ad
369 315 603 395 Regem
632 319 840 375 redeo.
877 316 1211 396 Postquam
1242 317 1396 376 nihil
1427 319 1588 376 inter
1616 330 1939 397 utrumque

244 393 603 465 Convenit⁸,
637 430 717 438 —
747 396 861 454 hoc
892 397 1115 454 etenim
1147 408 1287 455 sunt
1317 417 1529 455 omnes
1551 395 1690 476 jure
1720 398 1961 456 molesti

2128 398 2202 456 10

244 473 379 546 Quo
411 474 601 532 fortes
632 475 854 553 quibus
888 477 1210 535 adversum
1241 476 1465 535 bellum
1495 476 1743 534 incidit⁹
1781 499 1793 533 τ
1828 477 1992 535 inter

240 552 510 610 Hectora
534 552 886 612 Priamiden
915 555 1376 634 animosumque
1408 555 1570 613 inter
1595 555 1896 613 Achillem

244 631 342 688 Ira
371 632 482 690 fuit
510 633 811 710 capitalis,
846 644 911 690 ut
940 633 1150 692 ultima
1178 634 1482 694 divideret
1510 654 1698 704 mom,

244 710 384 769 Non
414 711 590 769 aliam
623 713 701 770 ob
734 732 976 770 causam
1008 713 1129 770 nisi
1162 715 1326 791 quod
1355 713 1552 773 virtus
1583 714 1646 771 in
1676 725 1935 792 utroque

244 788 491 848 Summa
518 791 660 862 fuit3
695 793 816 850 duo
849 791 903 849 si
934 791 1249 850 discordia
1275 803 1453 850 vexet
1481 792 1735 862 inerteS‚

2126 792 2198 849 15

242 866 367 926 Aut
399 868 452 927 si
484 868 838 947 disparibus
870 870 1095 928 bellum
1128 870 1377 940 incidat,
1412 883 1477 929 ut
1507 870 1793 930 Diomedi

244 945 397 1006 Cum
427 947 617 1027 Lycio
654 949 972 1018 Glauco¹⁰,
1008 949 1284 1008 discedat
1314 949 1577 1029 pigrior,
1613 951 1773 1008 ultro

242 1024 607 1086 Muneribus
638 1029 871 1099 missiS‚
905 1064 985 1072 —
1013 1028 1206 1087 Bruto
1240 1041 1501 1119 praetore
1532 1041 1777 1087 tenente

241 1103 446 1164 Ditem
474 1105 707 1177 Asiam,
743 1107 954 1185 Rupili
988 1121 1047 1166 et
1076 1108 1257 1166 Persi
1288 1128 1401 1186 par
1429 1109 1746 1187 pugnat¹¹,
1781 1107 1869 1167 uti
1900 1126 2025 1166 non

244 1182 667 1263 Compositum
697 1186 918 1245 melius
949 1207 1084 1245 cum
1116 1186 1300 1245 Bitho
1332 1186 1660 1246 Bacchius,
1700 1187 1769 1245 In
1791 1185 1895 1266 jus

2120 1186 2198 1244 20

241 1261 437 1322 Acres
468 1278 864 1342 procurrunt,
899 1287 1183 1346 magnum
1217 1267 1630 1344 spectaculum
1661 1279 1939 1344 uterque.

319 1343 576 1402 Persius
608 1345 858 1423 exponit
887 1365 1128 1404 causam
1146 1368 1161 1416 3
1196 1345 1434 1404 ridetur
1464 1349 1537 1404 ab
1568 1345 1733 1404 omni

241 1419 591 1492 Conventu;
629 1425 833 1482 laudat
860 1423 1140 1491 Brutum,
1176 1424 1499 1503 laudatque
1531 1424 1937 1494 eohortem¹23

246 1499 451 1560 Solem
480 1500 645 1560 Asiae
676 1501 935 1561 Brutum
968 1503 1251 1581 appellat,
1288 1505 1619 1582 stellasque
1653 1504 1932 1561 salubres

238 1578 529 1671 Appellat
558 1581 835 1651 comites,
872 1594 1123 1659 excepto
1155 1580 1327 1660 Rege
1364 1606 1376 1638 ε
1414 1582 1640 1641 Canem
1672 1582 1864 1651 illum,

2120 1579 2197 1638 25

242 1658 515 1718 Inwsum
547 1659 837 1739 agricolis
871 1660 1066 1730 siduS,
1099 1660 1434 1719 venisse¹³.
1470 1661 1711 1720 Ruebat

237 1816 303 1857 du
318 1816 469 1857 meme
485 1815 588 1858 avie
609 1827 692 1858 sur
708 1814 780 1859 les
793 1816 1002 1858 cheveux
1015 1816 1193 1859 blance.

237 1866 279 1910 11
298 1867 370 1910 dit
390 1867 566 1962 {Geor-g.
587 1869 670 1920 111,
691 1871 743 1910 82
780 1882 793 1912 ε
816 1876 935 1914 color
956 1875 1195 1914 deterrimus

235 1922 391 2016 lium-bl
429 1927 503 1963 est
516 1921 618 1964 vrai
637 1920 714 1976 qu'
775 1935 835 1965 ne
860 1921 991 1977 per-le
1018 1934 1108 1975 que
1136 1921 1194 1963 de

255 1985 347 2016 aro
383 1987 420 2016 e.

297 2029 337 2069 8.
365 2026 495 2068 Nihil
514 2027 735 2078 convenit,
752 2024 814 2068 ils
840 2039 899 2069 ne
915 2034 1121 2081 peuvent
1142 2039 1193 2068 sc

234 2087 404 2123 mettre
420 2079 646 2122 d'eccord.
667 2081 894 2129 Convenit,
909 2093 966 2121 au
983 2081 1190 2135 present,

230 2141 482 2188 postquam
504 2135 633 2175 etant
649 2144 907 2188 synonyme
924 2132 985 2174 ici
1018 2134 1076 2175 de
1097 2133 1189 2184 ubi,

238 2193 301 2237 ut,
331 2197 526 2237 comme,
546 2192 594 2228 et
611 2185 655 2228 le
680 2186 825 2227 verbe
855 2185 1086 2240 principal
1104 2199 1192 2240 pu-

232 2246 352 2293 gnat
370 2241 498 2282 etant
511 2238 756 2280 lui-meme
772 2238 834 2280 ici
846 2252 904 2280 au
921 2241 1129 2293 present.

286 2294 328 2334 9.
372 2295 471 2334 Hoc
502 2298 612 2333 sunt
637 2293 748 2344 jure
801 2293 980 2333 molesti
1022 2304 1189 2333 omnes.

236 2346 363 2387 Tous
377 2344 449 2389 les
460 2356 579 2399 gens
588 2343 879 2387 intraitables
893 2350 975 2387 ont
985 2343 1029 2386 le
1041 2346 1191 2386 meme

236 2398 374 2451 droit,
396 2403 504 2441 sont
522 2398 639 2439 dans
656 2396 702 2439 le
719 2398 869 2439 meme
887 2409 965 2439 cas
1005 2410 1094 2451 que
1120 2397 1191 2439 les

233 2450 403 2493 breves
439 2452 513 2504 (ou
550 2449 620 2492 les
649 2449 804 2501 heros)
844 2454 975 2492 entre
1006 2449 1088 2503 qui
1120 2456 1193 2492 est

233 2516 466 2598 {ut-venue
497 2502 699 2558 quelque
725 2514 908 2557 guerre,
941 2501 1002 2544 ils
1025 2515 1085 2544 ne
1112 2502 1192 2544 ce-

269 2562 347 2599 ent

233 2608 361 2651 thete
411 2608 649 2663 omerique
677 2623 688 2650 :
709 2620 877 2663 guerre
904 2610 964 2650 οὺ
999 2607 1091 2649 l'on
1120 2614 1193 2650 est

233 2662 330 2703 face
348 2663 373 2702 a
390 2661 503 2704 face.
525 2685 570 2693 -
592 2663 836 2715 Capitalis.
858 2660 946 2704 Sur
972 2665 1094 2703 cette
1112 2663 1191 2703 ce-

233 2727 357 2766 sure,
381 2718 428 2756 V.
448 2715 603 2756 Notice
620 2726 703 2755 sur
720 2716 784 2756 les
806 2710 984 2764 mett-es,
1012 2717 1191 2768 Dacty-

233 2768 357 2821 lique
373 2766 653 2817 hemmam,
671 2779 810 2839 coupe
830 2780 889 2809 ou
911 2765 1078 2816 cdsure,
1109 2770 1129 2816 ς
1149 2770 1188 2820 7,

231 2821 293 2860 4⁰.
311 2841 365 2850 —
395 2820 582 2870 Ultima,
600 2819 965 2874 pourladverbe
992 2820 1055 2861 ad
1074 2821 1190 2861 ulti-

230 2884 372 2920 mum,
404 2883 582 2913 comme
611 2878 859 2914 nocturnus
888 2885 1007 2926 pour
1045 2879 1187 2923 nocte,

232 2923 329 2967 Sat.
360 2935 429 2976 111,
465 2927 559 2965 117.
589 2947 641 2955 —
667 2927 794 2966 Inter
826 2926 985 2980 repete
1025 2930 1099 2967 est
1128 2939 1189 2967 un

230 2975 1188 3085 ΞᾬΡὲἓέῗὲῗθξῖἷῖἓθιζέῧῗὲἐξεζέἐἛῗὲ

231 3084 375 3125 ceron
396 3088 525 3124 entre
548 3087 719 3124 autres.
1083 3062 1095 3084 ’

283 3138 350 3177 10.
377 3137 412 3176 L
444 3136 514 3175 cto
555 3136 740 3176 Glauco.
778 3132 999 3187 Glaucus,
1037 3135 1185 3189 petit-

232 3186 309 3230 flls
339 3187 398 3229 de
462 3186 749 3241 ellerophon,
764 3192 838 3228 est
865 3199 927 3228 un
954 3187 1038 3230 des
1056 3186 1187 3230 chefe

229 3240 247 3282 1
281 3240 410 3282 ciens
447 3240 528 3294 qui
562 3239 750 3282 vim-ent
790 3251 846 3279 eu
892 3251 1085 3283 eecoure
1127 3241 1186 3284 de

270 3293 401 3336 riam.
421 3292 461 3336 11
557 3305 582 3334 a
609 3293 725 3334 dans
752 3289 930 3333 l'Iliade
956 3293 1036 3346 (VI
1090 3294 1183 3347 119)

230 3360 294 3389 un
312 3345 428 3390 recit
439 3351 539 3388 tres
556 3344 761 3396 curieux,
777 3343 894 3405 dans
912 3324 1066 3399 lequel
1084 3346 1187 3388 Ho-

232 3397 359 3442 mere
377 3405 565 3442 recente
585 3411 674 3452 que
687 3396 910 3439 Diomede
925 3402 972 3439 et
986 3397 1185 3442 Glaucus

229 3464 282 3495 ee
301 3448 652 3495 rencontrerent
669 3463 726 3492 au
752 3448 910 3491 milieu
938 3450 996 3493 de
1022 3449 1066 3492 la
1092 3454 1187 3493 me-

228 3503 317 3549 lee.
333 3508 405 3548 Au
417 3509 626 3549 moment
638 3505 697 3547 ou
711 3515 774 3546 on
786 3502 906 3545 croit
919 3502 1056 3557 qu'ils
1068 3509 1185 3546 vent

405 2568 472 2599 as.
501 2578 556 2589 —
581 2557 831 2597 Adversum
864 2555 1045 2597 bellum.
1073 2555 1192 2610 Epi-

1250 1827 1303 1858 se
1324 1816 1496 1869 battre,
1516 1815 1715 1860 Glaucus
1732 1820 1920 1857 raconte
1948 1828 1999 1857 sa
2032 1816 2198 1869 genea-

1248 1867 1390 1923 logie.
1410 1866 1634 1912 Diomede
1664 1868 1708 1910 le
1736 1869 1973 1910 reconnait
1998 1879 2117 1921 pour
2134 1881 2196 1910 un

1247 1921 1359 1964 hote
1373 1922 1432 1964 de
1445 1934 1499 1966 sa
1509 1921 1706 1964 famille:
1723 1921 1785 1963 ils
1799 1921 2058 1976 echeugent
2069 1920 2197 1963 leurs

1247 1987 1401 2017 armes
1414 1980 1463 2018 et
1476 1987 1528 2017 ee
1542 1974 1752 2018 retirent.
1770 1996 1824 2006 —
1840 1975 2070 2023 Discedat,
2087 1986 2197 2016 sens

1247 2027 1579 2071 conditionnel.
1598 2051 1652 2060 —
1669 2029 1798 2070 Ultro
1809 2043 1865 2063 =
1878 2028 2035 2068 etiam.

1299 2084 1368 2124 11.
1395 2084 1513 2130 Par,
1553 2094 1730 2123 comme
1765 2078 1865 2123 s’ils
1901 2079 2074 2123 etaient
2107 2093 2197 2122 une

1279 2136 1379 2176 aire
1399 2135 1457 2176 de
1489 2133 1788 2189 gladiateurs.
1817 2132 1959 2175 Aussi
1988 2132 2032 2175 le
2058 2130 2197 2187 poete

1239 2147 1314 2230 ses
1333 2187 1663 2242 compare-t-il
1680 2186 1788 2241 plus
1804 2185 1890 2228 bas
1904 2188 1930 2227 'a
1949 2186 2072 2229 deux
2091 2185 2197 2241 gla-

1245 2240 1452 2283 diateurs
1475 2238 1684 2282 celebres
1702 2239 1783 2293 qui
1806 2238 2106 2282 formeraient
2136 2253 2198 2281 un

1244 2293 1409 2348 couple
1421 2293 1532 2336 bien
1546 2293 1742 2347 appar-ie
1753 2306 1767 2332 .-
1784 2292 1891 2333 bene
1901 2294 2198 2346 compositum

1239 2358 1350 2400 par.
1387 2369 1441 2377 —
1480 2349 1608 2396 Asia,
1641 2345 1783 2388 l'Asie
1818 2344 2024 2387 Mineure
2061 2347 2196 2388 antd-

1245 2398 1398 2441 rieure
1427 2399 1611 2453 jusqu’a
1655 2398 1699 2439 la
1741 2398 2014 2452 Cappadoce
2052 2403 2100 2439 et
2137 2411 2195 2439 au

1246 2452 1440 2493 Taurus.
1477 2475 1530 2482 —
1565 2454 1780 2500 Praetore‚
1818 2455 1966 2492 terme
2007 2450 2196 2504 general

1244 2516 1366 2559 pour
1393 2503 1615 2558 designer
1644 2508 1774 2546 toute
1803 2502 1941 2545 haute
1971 2501 2194 2545 fonction.

1244 2579 1298 2589 —
1337 2558 1414 2599 Uti
1444 2569 1535 2597 non
1566 2557 1727 2598 melius
1764 2556 2062 2609 compositum
2093 2568 2196 2596 cum

1243 2609 1379 2651 Bitho
1405 2609 1695 2650 Bacchius:
1710 2609 1779 2649 uti
1794 2608 2018 2649 Bacchius
2044 2613 2089 2648 et
2112 2610 2195 2650 Bi-

1246 2662 1352 2704 thus
1374 2674 1466 2703 non
1497 2663 1659 2703 melius
1684 2662 1983 2715 compositum
2010 2662 2119 2703 sint.
2142 2682 2197 2693 —

1246 2716 1568 2768 Compositum,
1592 2725 1851 2769 synonyme
1870 2712 1928 2753 de
1940 2724 2051 2765 par.
2070 2736 2124 2744 —
2142 2717 2197 2755 ln

1234 2768 1333 2823 jus,
1365 2779 1543 2809 comme
1573 2768 1623 2807 in
1643 2757 1900 2819 ficticium,
1937 2777 2198 2821 synonyme

1244 2821 1302 2863 de
1321 2826 1430 2861 ante
1439 2820 1635 2872 judices,
1657 2819 1719 2860 ad
1735 2818 1944 2859 tribunal
1953 2820 2194 2881 praetoris.

1296 2876 1363 2914 12.
1391 2874 1582 2914 Ridetur
1631 2877 1745 2926 peut
1799 2869 2084 2925 s'exphquer
2133 2872 2193 2914 de

1243 2926 1367 2968 deux
1383 2923 1639 2967 maniercs:
1662 2928 1706 2965 1⁰
1735 2936 1912 2966 comme
1938 2923 2089 2978 passis
2107 2924 2196 2967 ab·

1242 2978 1344 3020 solu
1364 2993 1374 3020 t
1396 2991 1458 3021 on
1474 2978 1561 3029 rit;
1584 2984 1630 3020 et
1650 2977 1708 3018 ab
1726 2976 1932 3019 omnibus
1950 2978 2197 3019 ridetur=

1241 3033 1396 3073 rident
1425 3043 1577 3074 omnes
1590 3045 1609 3078 ;
1626 3033 1671 3070 2⁰
1703 3042 1880 3072 comme
1907 3042 1931 3070 a
1966 3035 2046 3072 ant
2075 3043 2195 3085 pour

1240 3084 1363 3147 sujet
1379 3086 1576 3133 Persius,
1599 3089 1794 3138 syntaxe
1816 3096 1918 3125 rare
1960 3095 2132 3138 oreque
2149 3082 2194 3126 le

1240 3142 1539 3239 ἶΐᾶἱίῗιὲἓ
1557 3136 1788 3230 fflsdiup
1788 3148 2089 3249 32222254115,
2104 3139 2195 3231 33:

1240 3244 1400 3290 mites-‚-
1418 3240 1489 3284 les
1497 3242 1637 3297 juges
1657 3247 1765 3284 sont
1784 3253 1989 3295 compris
2004 3241 2120 3283 daus
2140 3254 2193 3283 ce

1239 3300 1354 3336 mot.

1294 3351 1360 3389 13.
1393 3349 1578 3387 Canem.
1598 3340 1751 3398 Apres
1769 3344 1900 3389 avoir
1916 3358 1942 3385 a
1977 3343 2082 3398 pele
2101 3356 2194 3387 em·

1238 3399 1593 3454 phatiquemeut
1611 3398 1785 3440 Brutus
1813 3411 1875 3439 un
1902 3410 1956 3439 so
1977 3394 2054 3449 eil,
2075 3397 2192 3439 Per-

1240 3451 1340 3494 sius
1367 3463 1581 3506 compare
1599 3449 1980 3505 inJurieusement
2002 3461 2089 3491 son
2106 3462 2193 3492 en-

1239 3503 1365 3547 nemi
1383 3505 1409 3545 ὲ
1428 3517 1491 3545 uu
1507 3508 1636 3545 autre
1655 3509 1797 3556 estre,
1816 3502 1860 3545 le
1877 3502 2030 3558 grand
2048 3502 2193 3547 Chion
