2690 4169
495 279 586 326 180

1290 271 1542 326 EPODI,
1594 285 1644 319 v.

650 389 832 449 Jubet
855 385 1160 465 sepulcris
1185 384 1509 462 caprificos
1537 383 1801 452 erutas⁸,

848 467 1032 526 Jubet
1065 483 1399 542 cupressus
1431 463 1742 533 funebres,

648 583 729 643 Et
752 595 934 643 uncta
956 582 1157 660 turpis
1189 601 1305 642 ova
1331 600 1495 639 ranae
1539 581 1859 660 sanguine,

846 662 1245 739 Plumamque
1270 672 1584 719 nocturnae
1625 660 1897 739 strigis⁹,

2372 660 2457 720 20

651 780 1015 858 Herbasque
1042 800 1193 858 quas
1227 778 1428 837 Iolcos
1462 790 1639 858 atque
1671 778 1933 837 Iberia¹⁰

845 860 1035 918 Mittit
1060 878 1435 917 venenorum
1471 860 1657 929 ferax,

649 977 727 1035 Et
755 996 900 1035 ossa
925 979 997 1035 ab
1030 996 1137 1035 ore
1164 989 1337 1055 rapta
1359 974 1582 1057 jejunae
1613 976 1781 1035 canis

849 1055 1139 1115 Flammis
1171 1057 1347 1114 aduri
1375 1054 1770 1114 Colchicis²¹.

646 1173 729 1233 At
758 1175 1040 1252 expedita
1075 1174 1402 1254 Sagana12,
1477 1194 1544 1232 er
1573 1186 1756 1232 totam
1793 1175 2035 1232 domum

2300 1174 2450 1239 ‘25

851 1253 1166 1333 Spargens
1196 1252 1442 1312 Averna
1469 1273 1534 1310 es
1563 1254 1835 1332 aquasffl,

652 1369 883 1428 Horret
908 1369 1146 1447 capillis
1172 1380 1239 1428 ut
1262 1370 1534 1427 marinus
1562 1370 1799 1447 asperis

845 1447 1187 1507 Echinusss
1213 1461 1313 1506 aut
1344 1468 1601 1506 currens
1636 1468 1804 1526 aper.

650 1565 883 1627 Abacta
907 1568 1074 1626 nulla
1101 1566 1252 1625 Veia
1275 1566 1737 1636 conscientia¹⁸‚

850 1646 1193 1727 Ligonibus
1217 1646 1393 1704 duris
1420 1647 1666 1705 humum

2375 1645 2452 1704 30

658 1763 1071 1824 Exhauriebat
1094 1765 1414 1845 ingemens
1444 1764 1782 1833 laboribuS‚

857 1843 993 1917 Quo
1019 1856 1233 1923 posset
1257 1845 1530 1902 infossus
1561 1864 1715 1921 puer

656 1959 872 2039 Longo
899 1960 997 2019 die
1022 1960 1120 2018 bis
1146 1973 1364 2039 terque
1388 1971 1627 2018 mutatae
1670 1960 1846 2038 dapis

852 2038 1180 2098 Inemori¹⁶
1208 2037 1579 2117 spectacuIO,

658 2155 809 2215 Cum
835 2156 1214 2235 promineret
1245 2176 1351 2215 ore
1392 2169 1682 2237 quantum
1714 2169 1953 2216 exstant
1984 2178 2138 2238 aqua

859 2233 1176 2312 Suspensa
1193 2246 1398 2294 mento
1425 2256 1689 2315 corpora
1704 2238 1750 2273 ¹⁷
1764 2282 1776 2306 ,

657 2352 923 2412 Exsucta
948 2353 1035 2411 uti
1065 2353 1327 2411 medulla
1359 2368 1417 2412 et
1441 2354 1681 2413 aridum
1698 2354 1877 2434 jecur

855 2430 1104 2491 Amoris
1130 2444 1297 2491 esset
1324 2434 1634 2513 poculum,

552 2673 593 2712 8.
619 2668 753 2713 lubet
780 2680 833 2711 se
856 2670 1062 2712 rattache
1084 2671 1110 2711 ὲ
1137 2672 1291 2718 aduri,
1321 2683 1379 2712 au
1397 2684 1445 2713 v.

500 2724 566 2764 24.
580 2744 635 2755 -
650 2724 716 2764 Ca
748 2722 914 2775 rificos,
929 2721 1121 2777 figuiers
1139 2735 1385 2777 sauvages.
1397 2745 1450 2755 —

499 2778 679 2817 Erutas.
698 2735 763 2817 ffs
782 2780 866 2817 ont
885 2776 943 2817 de
956 2776 1158 2830 grandes
1178 2775 1358 2819 racines
1370 2807 1383 2829 ,
1404 2781 1453 2819 et

501 2827 783 2870 s’arrachent
799 2827 1128 2882 penihlement.

551 2884 592 2924 9.
606 2882 783 2934 Strigis.
800 2903 850 2911 —
861 2879 1030 2935 Strige,
1043 2879 1266 2934 vampire‚
1278 2879 1449 2933 affinio,

501 2933 730 2976 chouette.
763 2955 816 2964 —
849 2935 959 2975 Ονα.
993 2931 1290 2976 Construisez
1322 2947 1333 2974 :
1367 2944 1452 2975 ova

503 2991 640 3027 uncta
665 2986 891 3038 sanguine
910 2987 1057 3039 turpis
1075 2997 1217 3027 ranae.

553 3041 620 3079 10.
648 3038 812 3085 Iolcos,
850 3036 965 3078 ville
997 3038 1056 3079 de
1089 3036 1331 3079 Thessalis
1345 3068 1357 3088 ‚
1391 3038 1451 3079 οὺ

500 3088 897 3143 s’ombarquerent
927 3088 997 3132 les
1037 3091 1343 3145 Argonautes.
1388 3090 1451 3132 La

501 3141 744 3185 Thessalia
767 3146 841 3183 est
863 3140 1045 3184 celebre
1074 3155 1160 3198 par
1187 3154 1264 3183 ses
1295 3143 1450 3197 magi-

500 3195 704 3238 ciennes.
724 3216 778 3226 -
799 3194 964 3244 Iberia,
985 3206 1103 3251 pays
1121 3192 1276 3237 d'Asie
1293 3195 1451 3237 voisin

501 3246 560 3289 de
580 3247 625 3288 la
642 3246 876 3290 Colchide.

553 3302 621 3342 11.
651 3298 886 3347 Colchicis,
907 3312 1084 3342 comme
1102 3299 1257 3342 faisait
1273 3300 1318 3342 la
1338 3301 1449 3344 Col-

500 3351 745 3395 chidienne
762 3351 934 3394 Μέᾱόθ.

553 3407 619 3448 12.
649 3408 850 3467 Sagana,
886 3410 1016 3447 autre
1051 3406 1342 3462 magicienne
1366 3407 1448 3462 qui

500 3457 604 3500 aide
625 3456 828 3501 Camdie.
858 3456 1034 3510 C’etait‚
1063 3460 1241 3510 dit-on,
1266 3472 1356 3501 une
1373 3459 1447 3501 af-

497 3509 704 3553 franchie
729 3509 839 3552 d'un
859 3510 1035 3554 certain
1059 3514 1288 3565 senateur,
1307 3524 1446 3555 nom-

499 3565 573 3606 me
592 3562 891 3620 Pomponius,
904 3564 985 3619 qui
1004 3565 1127 3608 avait
1137 3566 1211 3608 ete
1222 3564 1441 3619 proserit.

1557 2675 1623 2713 13.
1660 2672 1930 2719 Avernales,
2005 2670 2159 2712 uisees
2197 2669 2313 2712 dans
2350 2669 2450 2711 ΡΑ-

1504 2736 1664 2776 verne,
1678 2724 1750 2766 lac
1772 2722 1883 2779 pres
1901 2722 1959 2765 de
2011 2722 2240 2774 ouzzoles,
2261 2725 2317 2765 οὺ
2341 2722 2453 2764 &tait

1505 2790 1594 2819 une
1619 2778 1776 2819 entree
1805 2777 1888 2818 des
1912 2775 2081 2818 enfers.
2117 2779 2164 2819 V.
2192 2778 2334 2819 Vmo.
2366 2778 2449 2817 En.

1506 2830 1584 2880 Vl,
1605 2833 1683 2871 237
1702 2835 1750 2871 et
1768 2829 1888 2871 suiv.

1557 2894 1623 2933 14.
1653 2891 1864 2938 Echinus,
1890 2889 2053 2932 oursin
2080 2891 2138 2932 de
2156 2890 2201 2932 la
2228 2889 2453 2932 Mediter-

1504 2945 1656 2996 ranee,
1677 2942 1846 2985 animal
1864 2944 1889 2984 ἐι
1907 2943 2122 2997 coquille.

1557 3008 1623 3047 15.
1651 3004 1843 3053 Abacta,
1860 3004 2126 3046 dotournee.
2142 3026 2194 3034 —
2213 3004 2454 3046 Conscien-

1507 3059 1589 3105 tia,
1608 3057 1834 3100 remords.
1851 3078 1904 3088 —
1926 3059 2047 3107 Veia,
2060 3056 2363 3111 magicienne‚
2376 3067 2453 3097 se-

1506 3110 1651 3152 conde
1662 3110 1765 3151 aide
1777 3110 1835 3152 de
1847 3109 2051 3153 Canidie.
2066 3133 2116 3141 —
2131 3113 2241 3165 Quo,
2253 3108 2453 3151 adverbe

1506 3161 1762 3217 conjonctif
1771 3177 1781 3205 :
1806 3168 1855 3203 ut
1874 3175 1924 3204 eo
1943 3164 2142 3216 infossus
2153 3175 2275 3218 puer
2283 3168 2449 3216 posset.

1556 3236 1622 3273 16.
1659 3233 1869 3280 memori,
1906 3243 2083 3274 comme
2119 3232 2317 3273 immori.
2349 3228 2454 3274 Seul

1504 3284 1718 3341 exemplo
1738 3284 1797 3328 (16
1819 3297 1872 3327 ce
1889 3289 2003 3327 mot.

1556 3357 1623 3397 17.
1659 3356 1945 3397 Prominet-et
1979 3367 2068 3396 ore.
2103 3353 2328 3403 L’ensant,
2370 3365 2453 3393 en-

1501 3409 1626 3450 terre
1637 3407 1854 3463 jusqu'au
1881 3419 1983 3458 cou,
2012 3420 2068 3449 ne
2097 3413 2280 3449 montre
2300 3417 2391 3459 que
2413 3403 2455 3445 la

1499 3461 1611 3513 tete,
1637 3473 1815 3502 comme
1834 3472 1896 3502 un
1920 3472 2111 3515 nageur.
2136 3482 2186 3490 —
2208 3460 2452 3512 Quantum,

1500 3512 1659 3555 relatif
1672 3514 1730 3554 de
1754 3519 1947 3562 tantum,
1975 3518 2199 3555 sous-ent.
2218 3523 2333 3553 avec
2347 3522 2457 3565 pro-

1501 3567 1708 3608 minoret.
