2690 4169
942 244 1321 300 uARMlNA‚
1374 246 1426 301 1,
1477 259 1559 292 x1.

2170 251 2228 293 19

505 361 698 435 Quem
724 360 923 420 virum
957 371 1056 418 aut
1085 359 1275 418 heroa
1301 359 1322 416 l
1366 379 1435 418 ra
1461 361 1560 419 vel
1589 359 1749 419 aeri¹

504 441 682 499 Tibia
711 439 904 498 sumis
937 439 1271 507 celebrare,

1364 438 1534 498 lio²?

503 520 696 594 Quem
728 519 946 587 Deum,
983 516 1155 609 cujus
1189 518 1427 577 recinet
1445 516 1667 597 jocosa

741 598 976 656 Nomen
1008 597 1243 675 1mago³

498 740 624 801 Aut
654 742 717 799 in
747 740 1059 800 umbrosis
1091 739 1412 799 Heliconis
1442 740 1572 799 oris

501 819 626 879 Aut
654 838 844 898 super
872 820 1074 878 Pindo
1104 819 1389 897 gelidove
1418 819 1483 877 in
1514 819 1785 893 Haemo⁴,

501 899 680 959 Unde
708 900 979 959 vocalem
1010 899 1274 957 temere⁵
1305 899 1596 958 insecutae

741 978 991 1056 Orphea
1020 977 1223 1056 sylvae,

504 1122 677 1200 [Arte
706 1125 1010 1182 materna⁶
1039 1124 1293 1203 rapidos
1322 1135 1659 1182 morantem

505 1202 849 1262 Fluminum
878 1202 1091 1282 lapsus
1122 1202 1478 1280 celeresque
1508 1215 1748 1273 ventosa,

2085 1276 2092 1283 ,
2137 1156 2231 1265 u10

464 1308 468 1312 Α
504 1281 804 1341 Blandum
835 1294 896 1342 et
924 1282 1151 1341 auritas
1180 1281 1408 1340 fidibus
1438 1282 1682 1340 canoris

743 1362 1018 1420 Ducere⁷
1050 1381 1314 1439 quercus
1335 1362 1381 1438 ?]

505 1505 669 1580 Quid
700 1506 875 1584 prius
905 1506 1100 1566 dicam
1138 1505 1338 1564 solitis
1371 1505 1693 1564 Parentis⁸

507 1585 842 1656 Laudibus,
880 1586 985 1666 qui
1018 1605 1121 1643 res
1153 1583 1467 1644 hominum
1501 1605 1569 1644 ac
1599 1585 1894 1659 Deorum,

513 1664 632 1738 Qui
663 1684 831 1724 mare
863 1677 922 1723 et
949 1676 1170 1734 terrae,
1203 1663 1516 1743 variisque
1547 1667 1837 1724 mundum

2157 1667 2231 1725 15

748 1743 1074 1822 Temperat
1103 1742 1278 1801 horis
1293 1742 1339 1812 ⁹,

507 1885 750 1945 Unde¹⁰
778 1888 866 1945 nil
897 1886 1090 1965 majus
1119 1899 1451 1967 generatur
1482 1887 1642 1964 ips0‚

507 1965 635 2025 Nec
661 1967 830 2046 viget
858 1967 1189 2045 quidquam
1222 1965 1423 2024 simile
1454 1977 1555 2024 aut
1586 1966 1983 2024 secundumn
2009 1968 2034 2024 Ρ

507 2044 830 2106 Proximos
862 2046 952 2104 illi
982 2054 1181 2105 tamen
1213 2044 1535 2126 occupavit

746 2125 951 2185 Pallas
969 2127 1017 2161 ¹²
1051 2126 1322 2185 honores

294 2337 423 2433 lQns
449 2339 527 2381 XI.
554 2361 608 2371 —
626 2342 667 2382 1.
696 2341 819 2388 Acri,
841 2330 1040 2395 λιγυρᾷ,
1062 2353 1118 2381 au
1135 2351 1224 2381 son

266 2406 292 2433 c
313 2403 399 2433 air.

321 2446 362 2486 2.
393 2444 504 2493 Clio,
526 2457 706 2486 comme
735 2445 822 2486 Od.
853 2456 892 2497 1,
912 2448 980 2497 33,
1001 2445 1221 2498 Euterpe,

266 2508 389 2550 pour
406 2496 652 2551 n’importe
667 2496 819 2551 quelle
833 2511 981 2540 muse.
1004 2520 1058 2529 -
1075 2498 1222 2539 Samis

268 2549 516 2599 celebrare,
553 2555 751 2605 syntaxe
771 2550 974 2605 speciale
1002 2562 1092 2592 aux
1112 2549 1223 2605 poe-

266 2607 358 2645 tes.
383 2606 430 2645 V.
445 2616 505 2645 un
525 2602 878 2657 autreexemple
888 2604 1014 2658 Epit.
1029 2604 1065 2655 1,
1087 2614 1154 2654 111,
1177 2606 1217 2644 7.

320 2658 362 2697 3.
391 2658 564 2710 Imago,
587 2654 717 2698 echo.
752 2660 798 2698 V.
829 2657 916 2699 Od.
946 2667 1061 2707 xv11‚
1093 2658 1133 2697 8.
1166 2678 1220 2686 -

272 2708 339 2749 Cu
350 2709 412 2750 'us
463 2713 542 2750 eut
558 2709 657 2750 etro
671 2709 914 2751 considere
934 2709 1028 2752 soit
1041 2721 1219 2750 comme

268 2773 321 2803 re
342 2760 405 2802 uti
443 2762 501 2803 de
520 2765 681 2812 Deum,
701 2762 796 2803 soit
813 2774 990 2804 comme
1018 2775 1081 2803 un
1097 2774 1217 2803 nou·-

267 2812 347 2856 vel
369 2811 671 2869 interrogatis
684 2813 786 2868 pris
805 2815 924 2857 dans
942 2828 1006 2856 un
1017 2827 1128 2857 sens
1143 2827 1219 2855 va-

267 2879 362 2921 gue
371 2880 385 2918 ς
405 2879 524 2909 nous
542 2879 622 2909 cro
654 2879 742 2908 ons
760 2866 807 2909 la
830 2866 1061 2922 premiere
1078 2867 1221 2910 inter·

266 2919 502 2973 pretation
517 2921 601 2974 pre
622 2918 789 2962 erable.

322 2975 364 3013 4.
396 2974 637 3014 Heliconis.
652 2972 899 3014 L‘Helicon
909 2985 968 3015 en
987 2971 1219 3024 Beotie,le

269 3023 418 3066 Pinde
438 3038 495 3066 en
514 3024 992 3076 Thessalie,l'Hemus
1011 3038 1069 3067 en
1078 3025 1222 3067 Thra-

267 3089 339 3128 ce,
374 3078 434 3118 οὺ
459 3077 665 3122 chantait
682 3078 885 3133 Orpheo,
912 3077 1085 3122 etaient
1101 3078 1220 3120 trois

267 3134 546 3183 montagnes
566 3132 841 3173 consacrees
857 3143 949 3173 aux
974 3143 1149 3175 muses.
1166 3154 1221 3163 —

268 3185 415 3236 Super
430 3184 588 3225 Pindo.
619 3188 666 3227 V.
687 3185 776 3228 Od.
798 3195 900 3236 vm,
919 3188 961 3235 5,
984 3190 1094 3227 note
1111 3187 1153 3227 2.

319 3238 362 3277 5.
396 3236 654 3279 Unde=ex
680 3250 787 3292 quo.
819 3241 866 3280 V.
887 3238 977 3281 od.
997 3249 1129 3289 xxm,
1151 3240 1219 3281 28.

265 3310 322 3319 —
334 3287 534 3350 orphea,
541 3288 1222 3351 poete-musicienlegendaire

266 3340 333 3383 du
351 3351 459 3383 xm·
487 3341 627 3384 siecle
653 3348 794 3384 avant
820 3344 847 3385 J
852 3343 936 3386 .-C.
955 3366 1009 3376 -
1026 3347 1218 3395 Temere,

268 3405 381 3436 sans
412 3394 576 3445 ordre,
597 3394 856 3449 pelez-mele.

267 3499 302 3544 C
305 3450 383 3542 gh
383 3448 496 3488 Arte
506 3453 736 3492 matema.
750 3447 935 3503 Orpheo
945 3446 1145 3491 etaitflls
1163 3449 1222 3491 de

385 3512 490 3555 ope.

319 3564 360 3603 ’1.
373 3560 652 3604 Blandum...
664 3560 843 3612 ducere,
852 3560 1095 3607 tellement
1102 3562 1229 3604 doux

2157 2127 2234 2184 20

1281 2345 1383 2395 (par
1400 2351 1488 2381 son
1505 2339 1660 2391 ebant)
1713 2338 1791 2380 u’il
1817 2338 2000 2381 mettait
2024 2352 2083 2381 en
2100 2353 2235 2382 mou-

1277 2397 1467 2433 vement
1479 2390 1684 2433 derriere
1719 2391 1813 2433 ui...
1834 2395 1878 2433 V.
1894 2392 2001 2447 plus
2016 2392 2127 2435 haut
2145 2394 2234 2437 od.

1281 2455 1350 2497 111,
1367 2451 1476 2487 note
1492 2447 1557 2487 14.
1572 2467 1625 2476 —
1638 2447 1843 2492 Aur-itas,
1863 2445 1942 2498 qui
1955 2445 2139 2488 avaient
2151 2446 2237 2488 des

1276 2496 1466 2539 oreilles
1487 2499 1620 2552 (pour
1646 2497 1936 2549 l'entendre),
1957 2511 2041 2553 par
2068 2504 2236 2541 exten-

1275 2550 1398 2602 sion,
1432 2549 1658 2593 attentifs.
1685 2573 1740 2582 —
1769 2550 1971 2604 Strophe
2001 2552 2237 2594 trainante

1275 2608 1512 2657 suspecte.

1327 2659 1369 2699 8.
1396 2656 1613 2698 Parentis
1640 2656 1839 2708 (patris),
1868 2655 1929 2697 de
1944 2655 2142 2710 Jupiter.
2171 2658 2238 2700 Ab

1272 2711 1377 2751 Jove
1437 2709 1698 2761 rincipium.
1727 2731 1782 2740 —
1799 2708 2052 2758 Laudibus,
2080 2708 2243 2755 ablatii

1273 2721 1788 2877 0⁰30¹0152¹22312552253m
1815 2760 2239 2871 seem...

1273 2886 1333 2917 ou
1352 2874 1551 2916 saisons.
1571 2865 1630 2907 -'
1643 2850 1880 2926 Mun'dum,
1901 2873 2004 2917 ciel.

1326 2930 1395 2971 10.
1426 2928 1564 2975 Unde,
1651 2941 1705 2969 ur
1724 2941 1755 2970 a
1772 2941 1861 2982 quo
1881 2929 2032 2981 (Jove).

1333 2983 1403 3024 11.
1429 2940 1692 3022 Secunffm.
1733 2984 1879 3023 Assez
1925 2977 2036 3035 pres
2080 2981 2141 3022 de
2177 2980 2242 3022 lui

1275 3045 1396 3088 pour
1422 3045 1524 3074 com
1559 3040 1633 3075 ter
1658 3046 1838 3076 comme
1864 3033 2037 3075 second
2066 3047 2077 3075 ε
2099 3045 2242 3075 cons-

1276 3087 1394 3129 truit
1403 3098 1516 3128 avec
1556 3101 1580 3128 e
1592 3085 1713 3129 datis
1724 3099 1903 3128 comme
1916 3087 2174 3139 proximus.
2190 3109 2243 3118 —

1276 3143 1366 3181 Nec
1382 3140 1521 3192 viget,
1544 3151 1663 3194 pour
1680 3145 1724 3181 et
1741 3142 1817 3181 cui
1829 3152 1921 3181 non
1936 3142 1979 3180 νι·
2010 3144 2053 3179 et
2066 3141 2215 3181 simile
2228 3170 2238 3180 .

1277 3191 1411 3236 Cette
1428 3192 1736 3254 suppression
1754 3193 1817 3234 du
1832 3192 1966 3234 relati
2002 3191 2141 3247 apres
2155 3205 2245 3234 une

1276 3245 1574 3299 conjoneuon
1600 3245 1659 3287 de
1688 3245 2023 3297 coordination,
2052 3244 2244 3298 lorsque

1277 3297 1479 3354 precede
1510 3311 1599 3339 une
1665 3298 1926 3354 roposition
1961 3296 2244 3340 renfermant

1279 3365 1343 3393 un
1355 3348 1520 3400 relatis,
1533 3357 1607 3392 est
1644 3353 1866 3405 requente
1884 3364 1943 3394 en
1956 3362 2097 3406 prose
2111 3362 2245 3392 eom-

1279 3416 1355 3445 me
1369 3416 1429 3444 en
1446 3415 1570 3445 vers.

1334 3459 1401 3498 12.
1430 3457 1606 3503 Pallas,
1617 3457 1702 3498 nee
1714 3456 1773 3497 de
1789 3467 1877 3498 son
1894 3467 2105 3506 cerveau,
2115 3454 2247 3498 vient

1280 3507 1681 3552 immediatement
1693 3507 1832 3563 apres
1850 3508 1917 3550 lui
1935 3512 1984 3552 et
2000 3520 2027 3549 a
2045 3507 2115 3549 les
2133 3506 2248 3549 hon·

1283 3573 1425 3605 neurs
1445 3561 1508 3604 du
1524 3561 1699 3604 second
1717 3573 1849 3616 rung.
