2690 4169
949 241 1273 297 SATIRAE,
1326 242 1412 299 11,
1464 257 1484 290 1

240 354 379 414 Vita
411 354 666 414 senis²⁸.
703 355 945 434 Sequor
965 355 1126 415 hunc
1147 356 1433 416 Lucanus
1466 378 1540 415 an
1567 357 1808 436 Apulus
1827 375 2055 436 anceps
2072 357 2123 392 ²⁷
2144 381 2157 394 ·

241 435 392 495 Nam
415 433 770 493 Venusinus
793 447 922 493 arat
951 436 1131 493 finem
1165 438 1278 494 sub
1304 448 1628 516 utrumque
1660 436 1938 505 8010883,

2117 242 2207 291 267

2142 402 2157 427 2

2127 437 2204 495 35

240 513 476 573 Missus
509 515 584 573 ad
618 514 754 583 hoc,
789 514 1011 593 pulsiS,
1036 526 1214 574 vetus
1246 528 1340 574 est
1370 528 1437 574 ut
1466 518 1640 585 fama,
1679 516 1964 585 Sabellis,

243 592 379 667 Quo
410 612 487 652 ne
518 612 633 672 per
660 612 916 652 vacuum
949 593 1227 653 Romano
1258 594 1604 654 incurreret
1633 595 1918 663 hostis2⁸‚

243 671 385 731 Sive
418 673 583 752 quod
611 671 813 750 Apula
841 692 1019 752 genS,
1056 692 1165 732 seu
1196 675 1361 752 quod
1392 673 1661 733 Lucania
1690 674 1916 733 bellum

244 751 554 811 Incuteret
581 751 869 810 violenta.
908 750 1030 811 Sed
1064 752 1162 811 hic
1194 753 1435 812 stilus2⁹
1470 755 1628 812 haud
1662 765 1828 832 petet
1858 753 2021 811 ultro

243 830 624 910 Quemquam
656 830 1041 900 animantem,
1080 843 1140 889 et
1167 851 1262 890 me
1292 832 1482 892 veluti
1514 834 1818 891 custodiet
1850 832 2018 890 ensis

2125 833 2206 891 40

239 908 479 990 Vagina
501 921 698 969 tectus
729 933 742 967 t
779 929 959 990 quem
990 930 1100 968 cur
1127 911 1518 990 destringere
1551 932 1760 982 coner,

243 988 438 1049 Tutus
455 990 507 1025 ³⁰
538 990 611 1047 ab
644 989 887 1048 infestis
918 989 1304 1049 latronibus?
1334 989 1386 1048 O
1424 1004 1596 1069 pater
1625 1003 1685 1049 et
1714 1011 1823 1050 rex

241 1068 503 1146 Jupiter,
538 1079 605 1126 ut
632 1080 845 1146 pereat
872 1069 1141 1147 positum
1173 1069 1461 1149 rubigine
1492 1071 1766 1139 telum³¹,

244 1147 373 1206 Nec
403 1146 724 1227 quisquam
754 1158 970 1206 noceat
1001 1148 1224 1226 cupido
1256 1149 1405 1206 mihi
1438 1149 1637 1228 pacis!
1673 1149 1754 1208 At
1782 1149 1885 1208 ille

245 1226 365 1300 Qui
395 1246 489 1286 me
520 1226 862 1296 commorit,
896 1226 1115 1286 melius
1130 1227 1179 1262 ³²
1211 1247 1336 1286 non
1366 1240 1621 1309 tangere
1650 1229 1868 1298 clamo,

2129 1228 2209 1287 45

247 1305 471 1375 Flebit,
507 1317 566 1364 et
597 1305 927 1385 insignis³³
959 1318 1092 1365 tota
1121 1307 1468 1367 cantabitur
1496 1311 1670 1367 urbe.

327 1382 588 1444 Cervius
620 1385 813 1445 iratus
844 1386 1021 1464 leges
1050 1385 1367 1445 minitatur
1399 1399 1459 1445 et
1486 1407 1702 1447 urnam
1716 1388 1792 1458 ³⁴,

247 1461 506 1523 Canidia
534 1463 745 1523 Albuti
777 1464 1003 1542 quibus
1050 1475 1143 1523 est
1172 1465 1421 1524 inimica
1446 1486 1750 1526 venenum
1763 1466 1814 1503 ⁸⁸
1830 1489 1848 1539 3

239 1753 417 1798 exciter
432 1753 476 1795 18
486 1751 624 1808 pitie3
635 1752 762 1807 puis,
773 1753 929 1807 quand
941 1752 1004 1795 113
1016 1752 1202 1795 avaient

239 1807 421 1850 amasse
435 1818 525 1849 une
544 1816 723 1847 somme
742 1805 1003 1858 suffisante,
1017 1804 1079 1847 ils
1095 1818 1202 1848 con-

240 1858 470 1903 sacraient
481 1857 526 1900 le
540 1856 725 1901 tableau
739 1858 856 1902 dans
871 1858 1071 1913 quelque
1086 1864 1203 1902 tem-

238 1912 333 1969 ple.
354 1911 415 1956 Ce
428 1910 613 1954 tableau
635 1909 750 1953 eteit
769 1910 980 1967 touJoure
1003 1911 1202 1966 presen-

238 1967 288 2010 te
309 1976 487 2007 comme
515 1963 714 2007 rendunt
727 1962 823 2006 fort
851 1969 1141 2007 exactement
1157 1963 1203 2007 18

243 2015 383 2062 scene
401 2018 465 2060 du
487 2015 723 2072 naufrago.
740 2023 786 2064 V.
811 2010 894 2070 Ep.
920 2017 983 2064 11,
1008 2032 1075 2067 ιιι,
1097 2021 1163 2061 2⁰.

293 2083 360 2124 26.
391 2080 532 2131 scats,
552 2078 616 2121 du
640 2078 783 2122 vieux
810 2077 947 2132 poete
975 2077 1197 2121 Lucilius.

246 2140 291 2178 V.
310 2135 436 2189 Epit.
460 2134 518 2184 11,
548 2144 579 2184 1,
606 2135 674 2174 56.

292 2198 359 2236 27.
388 2198 613 2236 Lucanus.
634 2191 728 2234 Moi
747 2190 827 2246 qui
842 2203 901 2233 88
917 2191 1016 2234 3813
1036 2205 1121 2246 pas
1140 2206 1200 2234 un

239 2246 474 2291 chevalier
514 2244 707 2297 romain,
755 2256 933 2287 comme
975 2245 1197 2298 Lucilius,

239 2301 358 2343 mais
377 2298 608 2342 Lucanien
630 2310 691 2342 08
711 2296 927 2352 Apulien‚
944 2296 992 2351 je
1024 2310 1083 2340 ne
1104 2298 1199 2340 sais

238 2352 410 2409 lequel,
432 2364 614 2406 anceps.
641 2353 763 2393 Anco
795 2362 818 2392 s
854 2361 906 2392 38
938 2356 1156 2405 rapportc
1174 2352 1200 2392 8

239 2419 320 2461 ego
349 2409 589 2449 sous-ent.
616 2404 761 2446 Peut-
790 2407 863 2445 tre
883 2415 934 2444 ce
954 2408 1053 2445 mot
1072 2403 1200 2445 est-il

236 2473 294 2501 88
326 2464 517 2511 neutre,
549 2468 729 2500 comme
762 2467 824 2498 on
853 2453 925 2497 dit
956 2457 1194 2505 incertum,

239 2511 443 2555 dubium.
471 2506 525 2543 -“-
549 2511 740 2562 Apulus.
772 2513 819 2551 V.
843 2508 930 2551 od.
961 2509 1043 2561 111,
1078 2519 1141 2561 1v,
1172 2513 1197 2550 9

240 2570 288 2606 et
302 2567 367 2613 10,
392 2575 435 2606 et
453 2581 561 2619 page
584 2579 747 2609 xxxm.

291 2626 359 2666 28.
401 2624 565 2664 Missus
602 2622 664 2661 ad
697 2620 832 2662 hoc...
871 2631 961 2675 quo
995 2631 1066 2669 ne,
1105 2624 1194 2662 etc.

238 2676 418 2718 Horace
435 2680 549 2716 veut
568 2673 670 2715 dire
694 2684 785 2727 que
803 2671 875 2714 les
901 2671 1090 2714 8881883
1106 2670 1189 2714 ha-

237 2727 415 2770 bitants
442 2727 501 2768 de
528 2727 742 2768 Venouse
767 2730 852 2768 ont
882 2726 955 2768 ete
991 2725 1195 2780 envoyefl

237 2779 284 2823 18
301 2778 521 2822 autrefois
541 2791 622 2821 sur
646 2778 691 2821 18
719 2775 943 2821 frontiere
970 2789 1150 2819 comme
1168 2778 1195 2819 8

238 2846 302 2876 88
318 2836 456 2888 poste
484 2830 627 2873 08113
654 2831 871 2873 devaient
898 2830 1062 2873 veiller
1089 2832 1115 2871 a
1142 2842 1194 2872 ce

238 2899 330 2941 que
344 2884 415 2927 les
429 2883 638 2926 ennemis
656 2883 715 2925 (18
733 2883 878 2927 Rome
895 2897 952 2926 88
1006 2882 1194 2925 rofitas-

238 2942 348 2983 sent
359 2949 445 2993 pas
460 2936 569 2978 d'un
585 2947 782 2991 passage
791 2943 957 2979 ouvert
989 2937 1191 2988 vacuum)

237 3003 358 3048 pour
389 2989 632 3043 l'attaquer
665 2989 766 3043 (quo
803 3002 857 3030 ne
879 3005 935 3026 =
960 2996 1012 3030 ut
1044 3001 1098 3030 ne
1128 3001 1194 3039 eo,

236 3050 290 3087 ue
308 3055 364 3085 ne
381 3043 435 3085 in
449 3053 522 3083 eos
534 3041 679 3095 fines).
696 3040 783 3085 Ces
798 3041 1006 3084 ennemis
1024 3041 1197 3083 etaient

235 3096 308 3140 les
334 3092 562 3150 Apuliene
586 3099 634 3136 et
659 3091 729 3136 les
756 3093 1010 3137 Lucanicus
1030 3096 1087 3146 (v.
1110 3096 1194 3147 38),

236 3162 330 3204 que
346 3148 391 3190 18
413 3146 595 3190 colonie
619 3146 677 3189 de
698 3147 912 3189 Venouse
932 3147 1044 3189 etait
1058 3147 1196 3188 char-

235 3198 1198 3307 8833888.38888εῇ888

239 3308 360 3361 betti)
409 3306 661 3361 pouvaient
688 3306 910 3348 chercher
936 3306 963 3347 8
987 3305 1058 3348 183
1076 3318 1197 3348 ven-

238 3373 338 3416 ger.
358 3338 448 3402 1383
469 3358 700 3404 Samnites
720 3358 894 3401 etaient
909 3357 967 3400 de
984 3356 1029 3399 la
1048 3359 1197 3400 meme

238 3426 342 3456 rece
416 3424 472 3454 ue
508 3412 579 3455 les
614 3411 796 3456 Sabins.
830 3411 897 3453 De
933 3408 980 3452 18
1008 3409 1053 3453 18
1089 3422 1199 3453 nom

238 3466 298 3510 de
327 3425 511 3508 salleni.
542 3487 595 3498 -
621 3468 849 3513 Romano,
887 3474 997 3505 3883
1023 3462 1198 3506 collec-

237 3518 310 3562 tif.
338 3541 391 3550 —
423 3519 517 3572 Quo
546 3530 602 3560 ne
629 3530 681 3560 se
710 3516 767 3559 lit
799 3516 915 3558 (1883
944 3528 1033 3558 888
1059 3515 1199 3558 lettre

240 3571 299 3615 (18
319 3570 512 3614 Ciceron
534 3584 546 3613 ε
575 3570 827 3625 Praefixisti
847 3580 936 3624 quo
967 3579 1022 3611 ne
1042 3570 1200 3623 pluris

1259 1767 1468 1805 emerem,
1487 1762 1539 1798 tu
1562 1767 1612 1798 83
1635 1755 1730 1798 fixe
1757 1755 1801 1799 le
1858 1756 1932 1798 rix
1965 1769 2055 1811 que
2079 1757 2128 1811 Je
2152 1772 2210 1801 ne

1258 1807 1446 1850 devrais
1463 1822 1549 1864 pas
1569 1809 1626 1850 (Ιό
1663 1822 1793 1852 asser
1809 1770 1930 1851 cibus
1944 1808 2109 1853 l’achat
2126 1813 2211 1862 (Ad

1255 1862 1546 1911 Familiares,
1565 1863 1626 1904 vl
1655 1894 1665 1913 ,
1679 1865 1718 1916 2)
1732 1869 1804 1915 ;et
1818 1862 1934 1905 (1883
1946 1863 2062 1904 Trrr:
2075 1863 2208 1914 len,

1254 1913 1457 1966 XXXIV,
1476 1917 1501 1956 6
1523 1929 1535 1957 :
1568 1918 1765 1957 Cautum
1785 1922 1887 1957 erat
1913 1928 2002 1970 quo
2023 1928 2079 1957 ne
2100 1917 2211 1969 plus

1257 1967 1368 2008 auri
1396 1966 1680 2019 haberemus,
1719 1981 1807 2010 une
1840 1967 1904 2010 loi
1940 1980 2058 2010 8083
2086 1969 2210 2012 avait

1254 2017 1452 2062 interdit
1513 2020 1689 2063 d'avoir
1737 2035 1826 2063 une
1877 2020 1985 2076 plus
2031 2022 2209 2075 grande

1255 2072 1466 2127 quantite
1493 2073 1604 2117 d'or.
1629 2075 1753 2117 Dans
1778 2087 1857 2117 ces
1892 2075 2014 2117 deux
2043 2087 2207 2118 exem-

1253 2125 1383 2180 plos,
1427 2139 1515 2180 qao
1548 2140 1603 2169 ne
1631 2140 1683 2170 se
1715 2128 1973 2183 rapprocbe
2006 2128 2069 2170 du
2098 2140 2207 2171 sens

1255 2179 1314 2220 de
1352 2181 1609 2234 quominus.
1647 2183 1716 2222 Au
1742 2187 1879 2233 reste,
1919 2180 1963 2223 18
1998 2181 2206 2225 locution

1253 2239 1329 2274 est
1360 2244 1476 2274 rare.
1516 2256 1570 2265 —
1609 2235 1737 2288 Quod
1774 2234 1965 2286 bellum,
2005 2234 2209 2289 quelque

1252 2298 1436 2341 guerre.

1304 2340 1369 2380 29.
1402 2344 1508 2389 llic,
1527 2351 1651 2382 mon.
1677 2344 1721 2381 V.
1744 2339 1885 2382 satire
1909 2340 2207 2394 precedente,

1252 2403 1297 2433 v.
1318 2393 1388 2434 82.
1409 2418 1463 2427 -
1497 2395 1651 2435 Stilus.
1679 2396 1723 2434 V.
1749 2392 1889 2434 satire
1949 2392 2208 2443 recedente,

1249 2456 1297 2485 v.
1318 2447 1386 2487 72.
1412 2448 1544 2489 Nous
1574 2445 1755 2487 dirions
1783 2445 1841 2487 de
1864 2458 1912 2487 m
1941 2457 2014 2487 me
2041 2459 2052 2487 t
2091 2460 2111 2484 α
2139 2446 2210 2486 Μ8

1245 2497 1404 2549 plume
1421 2501 1705 2552 n'attaquera
1718 2510 1964 2552 personne.
1988 2513 2008 2537 ιι
2029 2519 2083 2529 -
2108 2499 2207 2548 Sed,

1249 2550 1488 2644 aava
1503 2550 2119 2653 -..

1290 2632 1304 2645 ο
1371 2614 1399 2643 a
1425 2632 1435 2642 0
1495 2633 1505 2647 ³
1587 2631 1598 2649 Ἰ
1690 2629 1701 2648 ἱ
1789 2629 1800 2647 9
2113 2628 2123 2639 ⁸
2151 2623 2201 2629 ’-

1251 2655 1387 2702 cone,
1419 2666 1524 2696 sens
1547 2650 1872 2694 conditionnel.

1298 2707 1368 2750 30.
1401 2710 1554 2751 Tutus,
1578 2708 1681 2745 tant
1695 2713 1785 2756 que
1793 2714 1842 2755 Je
1860 2702 1982 2743 serai
2006 2702 2032 2742 8
2058 2699 2209 2743 l'abri.

1300 2761 1369 2802 31.
1401 2763 1473 2808 Ut,
1488 2756 1760 2806 archaisme,
1773 2766 2031 2810 synonyme
2047 2754 2107 2795 de
2123 2755 2213 2795 uet-

1248 2834 1359 2864 nam
1366 2835 1386 2869 ;
1412 2811 1474 2865 ὥς
1506 2816 1798 2872 s’employait
1834 2816 1893 2858 de
1922 2816 2072 2857 meme
2095 2827 2208 2857 avec

1247 2873 1462 2930 l'optatif.
1488 2895 1540 2903 -—
1563 2872 1778 2917 Positum,
1801 2882 1861 2912 en
1878 2880 2034 2923 repos.

1300 2931 1370 2970 32.
1399 2925 1562 2968 Melius
1580 2936 1672 2965 non
1690 2929 1878 2976 tangere
1892 2923 2057 2972 clanw,
2071 2920 2120 2976 ,ie
2136 2919 2213 2962 dis

1248 2979 1360 3023 bien
1375 2980 1488 3022 haut
1507 2989 1597 3032 que
1615 2976 1658 3019 18
1676 2976 1833 3018 mieux
1856 2981 1929 3017 est
1956 2974 2017 3016 de
2041 2985 2100 3016 ne
2127 2984 2214 3028 pas

1250 3046 1323 3076 me
1340 3032 1548 3076 toucher.

1301 3089 1366 3128 33.
1417 3084 1576 3134 Flebit,
1613 3082 1711 3125 s’en
1746 3095 1795 3125 re
1831 3080 1996 3124 entire.
2047 3078 2213 3121 Helle-

1250 3146 1400 3189 nisme
1423 3161 1432 3188 :
1455 3136 1749 3195 κλαύσεται,
1764 3094 2042 3206 οῗμώξεται.
2061 3163 2116 3173 -
2144 3145 2214 3182 112-

1249 3201 1417 3294 ffinz's}
1425 3200 1535 3293 (1181ῗί
1540 3212 1599 3241 88
1622 3196 1769 3250 relies,
1790 3196 1986 3252 signale.
2005 3216 2059 3226 -
2079 3194 2209 3241 Urbe,

1328 3265 1355 3293 8
1378 3266 1393 3293 ι
1458 3265 1483 3294 8
1538 3265 1607 3294 88.

1301 3306 1371 3346 34.
1403 3304 1586 3346 cervius
1604 3302 1717 3346 etait
1735 3315 1796 3344 un
1819 3301 2041 3344 delateur.
2061 3320 2115 3331 —
2132 3301 2215 3341 vr-

1252 3370 1376 3406 nam,
1394 3357 1540 3399 l’urne
1553 3356 1634 3411 qui
1654 3361 1753 3399 sert
1770 3367 1860 3397 aux
1874 3354 2014 3409 juges
2033 3362 2154 3407 pour
2166 3350 2211 3392 le

1253 3410 1432 3453 scrutin
1451 3414 1616 3451 secret.

1304 3465 1368 3505 35.
1419 3462 1632 3505 Canidia.
1667 3464 1714 3503 V.
1747 3459 1897 3523 Epod.
1920 3469 1951 3498 v
1977 3462 2024 3499 et
2049 3465 2132 3506 xil,
2164 3459 2212 3518 et

1253 3514 1345 3559 Sat.
1372 3516 1407 3566 1,
1433 3525 1532 3556 vm.
1561 3535 1614 3544 —
1645 3513 1858 3555 Albanus
1884 3509 2008 3553 avait
2027 3519 2211 3565 empci-

1253 3569 1402 3611 80886
1421 3579 1473 3610 38
1490 3569 1676 3610 femme.
