2690 4169
451 227 541 276 398

1108 226 1537 285 EPISTOLAE,
1588 228 1672 286 11,
1719 242 1759 277 1.

447 342 637 402 Recte
667 363 859 403 necne
885 363 1130 404 crocum
1155 344 1464 423 floresque
1490 345 1868 422 perambulet
1898 343 2053 405 Attae

449 415 681 481 Fabula
695 423 836 482 ⁴*³.si
866 424 1159 493 dubitem,
1196 422 1457 482 clament
1484 424 1747 501 periisse
1777 427 2073 503 pudorem

2332 432 2412 490 80

451 499 668 559 Cuncti
701 522 872 593 paine
945 515 1107 562 atres
1125 501 1200 573 ⁴⁴,
1234 521 1305 561 ea
1335 522 1470 561 cum
1500 503 1953 581 reprehendere
1985 524 2173 563 coner

448 579 595 653 Quae
624 601 831 672 gravis

947 601 1326 674 sopuS,·quae
1352 583 1569 640 doctus
1601 582 1865 641 Roscius
1896 584 2107 662 egit⁴⁵,

445 658 559 718 Vel
589 680 730 739 quia
758 660 845 719 nil
869 673 1101 720 rectum
1125 661 1248 720 nisi
1275 662 1441 739 quod
1466 662 1691 739 placuit
1722 663 1840 720 sibi
1873 664 2122 732 ducunt,

446 736 558 797 Vel
589 739 730 818 quia
755 753 934 819 turpe
956 752 1172 821 putant
1196 759 1417 820 parere
1445 740 1788 800 minoribus
1818 753 1896 810 et,
1930 762 2060 820 quae

447 816 763 878 Imberbes
792 819 1086 890 didicere,
1119 838 1301 878 senes
1328 821 1645 899 perdenda
1674 821 1929 878 fateri⁴⁶.

2328 823 2406 882 85

446 895 476 955 J
486 916 577 954 am
610 897 842 958 Saliare
868 898 1075 958 Numae
1108 917 1350 957 carmen
1379 898 1484 977 qui
1513 899 1775 958 laudat'*⁷
1806 911 1864 956 et
1894 899 2065 969 illud,

449 975 629 1049 Quod
657 997 890 1037 mecum
919 979 1184 1056 ignorat,
1215 976 1386 1037 solus
1413 978 1544 1037 vult
1576 978 1733 1037 scire
1761 978 1981 1048 videri,

448 1053 724 1134 Ingeniis
748 1076 872 1116 non
900 1057 1001 1115 ille
1032 1058 1191 1116 favet
1216 1057 1571 1137 plauditque
1603 1057 1881 1137 sepultiS,

448 1133 677 1194 Nostra
705 1139 811 1195 sed
843 1137 1178 1216 impugnat,
1207 1156 1322 1194 nos
1354 1148 1684 1214 nostraque
1712 1137 1933 1197 lividus
1966 1137 2114 1196 odit.

450 1212 630 1286 Quod
661 1215 714 1273 si
742 1226 862 1274 tam
889 1215 1120 1275 Graecis
1150 1216 1388 1275 novitas
1418 1215 1615 1274 invisa
1644 1216 1861 1275 fuisset

2325 1219 2404 1277 90

451 1292 643 1366 Quam
672 1294 876 1365 nobiS,
910 1294 1058 1374 quid
1086 1313 1248 1353 nunc
1277 1305 1443 1353 esset
1466 1305 1642 1353 vetus
1671 1306 1773 1352 aut
1802 1295 1948 1373 quid
1979 1296 2233 1355 haberet

450 1371 631 1445 Quod
658 1372 892 1452 legeret
916 1386 1263 1452 tereretque
1292 1373 1521 1433 viritim
1548 1372 1834 1453 publicus
1863 1375 2115 1432 usus⁴⁸?

529 1451 613 1510 Ut
633 1453 894 1531 primum
922 1453 1146 1533 positis
1172 1451 1392 1531 nugari
1424 1450 1659 1511 Graecia
1685 1453 1865 1511 bellis

499 1641 567 1680 43.
597 1640 788 1680 Crocum
801 1638 1037 1691 floresque,
1054 1648 1173 1692 pour
1194 1635 1240 1678 la
1258 1634 1397 1677 scene

448 1694 508 1763 qu
543 1690 636 1733 l'on
666 1703 692 1730 a
726 1691 776 1731 re
813 1691 935 1731 andu
971 1690 1067 1753 des·
1085 1688 1227 1752 sseurs
1258 1694 1305 1731 et
1339 1689 1398 1729 de

447 1743 705 1852 &lgm
721 1754 905 1850 {2323
913 1740 1401 1837 ῗῑῖέὶωέἓιξὲἔῖἒέἷέἒ

448 1855 578 1894 Recte
594 1861 731 1891 necne
745 1848 1048 1903 permnbulet,
1065 1854 1273 1890 traverso
1286 1859 1399 1889 avec

450 1903 611 1947 succes
634 1915 692 1944 ou
721 1914 830 1953 non,
855 1905 930 1943 est
956 1901 1163 1954 touj0urs
1188 1900 1399 1955 irrepro-

449 1956 612 2001 chable
631 1956 748 1996 dans
774 1967 826 1996 sa
850 1953 1034 1995 marche
1053 1954 1079 1994 a
1096 1959 1322 1996 travers...
1345 1974 1400 1985 —

449 2014 567 2052 Attae
584 2008 767 2062 fabula,
792 2006 837 2049 la
854 2006 1062 2048 come'die
1081 2007 1140 2048 de
1158 2007 1215 2048 Τ.
1234 2006 1401 2058 Quinc-

451 2064 544 2107 tius
563 2065 687 2114 Atta,
716 2058 853 2115 poete
870 2064 1031 2103 auteur
1058 2059 1115 2103 de
1143 2065 1311 2114 togatae
1329 2060 1397 2113 (V.

451 2123 558 2159 note
590 2116 673 2168 33),
703 2112 784 2167 qui
810 2118 995 2155 mourut
1026 2126 1085 2154 en
1116 2115 1178 2154 ’18-
1214 2135 1266 2144 -
1285 2116 1399 2154 Atta

451 2175 524 2212 est
556 2181 618 2210 un
650 2178 842 2209 sut-nom
861 2166 941 2219 qui
969 2164 1157 2220 signifie
1187 2165 1397 2208 boiteux.

454 2245 499 2254 —
523 2223 570 2263 Si
592 2219 809 2269 dubitem,
834 2218 876 2260 si
887 2218 936 2272 je
954 2217 1185 2261 m'avisais
1207 2218 1266 2261 de
1286 2219 1399 2261 dou-

451 2281 523 2317 ter
539 2289 554 2326 ;
575 2285 626 2315 se
647 2272 772 2327 joint
796 2272 823 2312 a
847 2272 1030 2333 (afrum)
1052 2277 1186 2313 recte.
1208 2293 1261 2303 —
1283 2273 1398 2314 cla-

451 2334 587 2374 ment,
607 2337 716 2368 sens
731 2323 1061 2366 conditionnel.
1081 2327 1127 2365 V.
1139 2328 1247 2367 note
1258 2326 1298 2377 2,
1315 2323 1396 2367 fin.

501 2382 568 2420 44.
598 2382 777 2428 Patres,
796 2375 867 2419 les
884 2375 1141 2420 vieillards.

501 2436 570 2474 45.
585 2434 773 2494 AEsopus
787 2435 835 2492 ct
854 2431 906 2483 Q.
925 2431 1109 2471 Roscius
1127 2428 1298 2472 etaient
1312 2429 1399 2471 des

450 2482 1400 2598 igme&difflatasjsffsssspflrassa:

449 2591 533 2634 lait
550 2592 666 2633 dans
689 2589 733 2633 le
786 2601 893 2641 enre
918 2594 1131 2643 tragique
1153 2593 1201 2631 et
1218 2587 1395 2640 severe,

448 2645 624 2698 gravis.
665 2641 741 2686 Cic
772 2654 881 2693 ron,
921 2641 1037 2683 dans
1078 2653 1131 2684 sa
1159 2640 1395 2695 Jeunesse,

483 2696 606 2739 laida
621 2707 742 2751 pour
757 2693 953 2738 Roscius
990 2693 1069 2748 qui
1089 2698 1163 2736 est
1178 2693 1238 2735 ici
1258 2706 1316 2749 ap
1354 2706 1398 2736 e-

448 2710 494 2792 re
512 2751 669 2791 doctus
723 2761 827 2791 arce
854 2725 969 2802 qu’ii
992 2746 1116 2790 avait
1140 2706 1397 2801 profonci'e-

448 2807 578 2844 ment
591 2803 668 2845 dtu
705 2801 746 2843 ἰό
762 2813 850 2843 son
866 2805 949 2843 art.
972 2799 1058 2843 Ces
1073 2800 1197 2842 deux
1213 2805 1398 2842 acteurs

449 2855 623 2897 etaient
648 2858 797 2896 morts
818 2852 916 2896 l'un
946 2851 1113 2907 depuis
1138 2855 1206 2904 45,
1235 2852 1396 2895 l'autre

449 2907 617 2970 depuis
647 2910 700 2948 50
743 2911 841 2948 ans.
886 2906 1118 2969 Quelques
1151 2903 1396 2968 vieillards

445 2957 787 3067 {3333222125
800 2956 1395 3054 essssff2321¹2⁸·.535„l2.‘¹¹1{;

446 3065 613 3108 choses
631 3063 912 3115 d'autrefois,
950 3068 995 3107 V.
1025 3064 1113 3105 Art
1137 3063 1263 3118 poet.
1296 3065 1387 3105 1⁷3.

445 3141 497 3150 —
517 3120 637 3173 Egit.
664 3117 735 3161 On
751 3116 911 3159 attend
934 3118 1105 3170 egerin
1120 3114 1237 3158 mais
1264 3114 1348 3172 ily
1366 3128 1393 3158 a

443 3173 593 3214 meme
617 3169 728 3212 chez
750 3169 821 3213 les
839 3176 1107 3225 prosateurs
1127 3169 1212 3210 des
1230 3180 1393 3211 exem-

442 3224 547 3279 ples
566 3225 624 3266 de
645 3227 767 3266 cette
785 3221 1032 3276 exception
1051 3223 1075 3262 a
1095 3220 1138 3261 18
1156 3217 1285 3276 reg-le
1303 3223 1393 3276 ge-

443 3277 598 3319 nerale
633 3280 912 3318 concernunt
939 3273 1145 3336 l’emploi
1172 3273 1236 3316 du
1274 3274 1393 3316 sub-

441 3329 611 3384 ionctif
624 3330 741 3371 dans
752 3327 824 3370 les
841 3327 1159 3383 proposiuons
1176 3325 1395 3371 relatives

444 3382 761 3438 dependantes
774 3380 909 3423 d’une
960 3379 1218 3435 roposition
1232 3378 1396 3422 subor-

444 3436 623 3478 donnee
638 3436 755 3477 dans
773 3433 817 3476 le
835 3439 910 3489 sty
933 3447 956 3475 e
969 3431 1017 3474 in
1056 3432 1184 3475 'rect.
1199 3434 1271 3474 Au
1285 3444 1395 3475 vers

444 3487 644 3539 suivant,
673 3485 876 3541 l'emploi
908 3486 971 3528 du
996 3497 1020 3527 r
1049 3484 1186 3528 {lechi
1216 3485 1306 3528 sibi
1335 3498 1395 3528 ne

444 3542 595 3596 parsit
615 3538 905 3596 pasjustifie,
928 3551 1065 3594 parce
1091 3551 1182 3593 que
1210 3537 1393 3581 d’ordi-

1453 1635 1580 1679 naire
1617 1635 1652 1678 il
1689 1635 1928 1691 s’emploie
1960 1635 2151 1691 lorsque
2182 1636 2227 1679 le
2259 1637 2404 1681 verbe

1453 1688 1719 1743 dependant
1745 1690 1880 1732 d’unc
1921 1689 2216 1745 proposition
2245 1693 2305 1733 οὺ
2332 1698 2405 1734 est

1451 1742 1688 1796 exprimes
1737 1754 1849 1784 sous
1893 1743 2041 1785 forme
2085 1743 2312 1786 indirecte
2359 1744 2403 1786 la

1486 1796 1623 1838 enses
1670 1794 1866 1837 d’autrui
1910 1801 1984 1838 est
2031 1809 2088 1837 au
2135 1796 2401 1846 subfonctif.

1451 1807 1707 1900 ii'outefois,
1729 1848 1920 1901 Horace,
1941 1848 2046 1892 Tite
2065 1848 2194 1901 Live‚
2247 1850 2406 1892 icet-on

1452 1905 1500 1943 et
1517 1906 1671 1943 autres
1699 1901 1952 1956 emploient
1970 1901 2015 1943 le
2042 1914 2240 1955 pronom
2263 1902 2347 1944 refl
2377 1925 2404 1935 -·

1452 1953 1528 1994 chi
1563 1953 1608 1995 18
1649 1955 1708 1995 οὺ
1749 1953 1794 1994 18
1828 1953 1976 1996 forme
2010 1955 2225 2009 generale
2261 1955 2319 1997 de
2380 1969 2406 1997 a

1451 2006 1622 2061 phrase
1644 2006 1822 2048 semble
1848 2006 1961 2049 faire
1980 2008 2195 2049 attendre
2221 2007 2265 2050 le
2283 2008 2403 2051 sim-

1451 2059 1529 2114 ple
1589 2072 1752 2103 ronom
1784 2059 2046 2116 personnel.
2086 2065 2133 2103 V.
2169 2059 2261 2105 Sat.
2298 2062 2334 2113 1,
2369 2072 2401 2116 1,

1451 2117 1507 2165 13
1537 2072 1595 2165 ff,
1626 2125 1658 2166 ι,
1691 2116 1767 2154 49:
1807 2115 1986 2155 Grande
2020 2116 2195 2156 malum
2222 2116 2401 2167 Turius,

1449 2167 1493 2207 si
1513 2167 1626 2221 quid
1648 2178 1699 2209 se
1712 2166 1871 2220 judice
1891 2173 2056 2219 certes,
2078 2173 2125 2209 et
2144 2179 2230 2209 nos
2250 2174 2402 2211 notes.

1501 2238 1571 2277 46.
1606 2239 1790 2284 Parere,
1821 2248 1873 2279 se
1904 2249 1986 2278 ran
2023 2249 2073 2278 er
2106 2237 2132 2277 a
2157 2235 2292 2279 l’avis
2326 2237 2400 2280 de.

1449 2311 1502 2321 —
1532 2289 1786 2339 Per-denda,
1822 2288 1936 2343 qu'il
1991 2295 2069 2332 aut
2096 2288 2167 2331 les
2194 2302 2341 2332 vouer
2371 2290 2398 2332 a

1449 2340 1626 2384 l'oubli.
1661 2364 1713 2373 —
1740 2344 1897 2383 Fater-i
1920 2355 2062 2392 senes,
2088 2355 2258 2384 avouer
2281 2343 2398 2385 dans

1449 2393 1550 2437 leur
1566 2393 1816 2438 vieillesse.

1502 2466 1570 2507 47.
1598 2467 1705 2506 Jam
1721 2462 1819 2506 indi
1859 2463 1975 2506 uela
2028 2464 2251 2506 radation.
2273 2463 2314 2506 11
2339 2477 2399 2507 va

1451 2516 1552 2558 dire
1579 2515 1778 2571 quelque
1807 2531 1831 2557 c
1866 2529 1946 2559 ose
2010 2531 2033 2559 e
2065 2517 2173 2571 plus
2205 2518 2312 2559 fort.
2349 2539 2395 2549 -

1449 2570 1630 2612 Saliare
1644 2582 1844 2621 carmen,
1854 2569 1924 2611 les
1940 2569 2102 2611 chants
2116 2571 2201 2612 des
2214 2570 2399 2625 preti-es

1450 2622 1639 2674 saliens,
1656 2636 1714 2665 en
1733 2635 1841 2665 vers
1855 2623 2134 2665 saturniens.
2151 2624 2214 2664 La
2231 2622 2399 2678 langue

1451 2676 1509 2717 de
1530 2689 1608 2718 ces
1628 2675 1790 2718 chants
1808 2675 1921 2717 etait
1940 2674 1997 2717 de
2034 2676 2105 2717 uis
2129 2675 2398 2730 longtemps

1448 2734 1551 2772 tout
1568 2729 1594 2770 8
1610 2726 1696 2771 fait
1716 2688 2063 2783 inintelligibi’e.
2084 2727 2122 2770 11
2140 2731 2290 2783 parait
2308 2741 2398 2782 que

1446 2780 2189 2877 30¹?322031ffi‘33033335ffit5
2206 2779 2398 2877 {235ss

1447 2888 1594 2930 taient
1620 2900 1678 2928 au
1703 2891 1858 2941 temps
1888 2887 1946 2928 de
1963 2888 2127 2937 Numa,
2162 2887 2242 2941 qui
2274 2886 2400 2930 avait

1445 2940 1639 2983 institue
1671 2938 1741 2982 les
1768 2938 1954 2981 saliens.
1993 2940 2124 2982 Nous
2156 2952 2215 2982 en
2251 2951 2398 2983 avons

1446 2992 1673 3048 quelques
1687 2996 1962 3046 tragments,
1987 2993 2065 3047 qui
2086 3006 2143 3035 ne
2157 3003 2274 3034 nous
2293 2994 2398 3047 pre-

1446 3050 1633 3089 sentent
1644 3057 1791 3087 aucun
1809 3057 1934 3088 sens.

1497 3115 1565 3156 48.
1602 3113 1730 3167 Quod
1752 3114 1807 3160 si,
1842 3125 1897 3155 or
1929 3113 1986 3156 si.
2024 3135 2077 3146 -
2108 3116 2302 3155 Ter-eret.
2334 3113 2396 3157 Ce

1444 3179 1570 3219 vers,
1590 3166 1649 3208 de
1667 3171 1888 3209 tom-nure
1907 3166 2234 3208 eminemment
2252 3166 2397 3209 latine

1446 3225 1495 3263 et
1530 3219 1663 3261 d'une
1693 3219 1929 3261 concision
1965 3220 2070 3262 toflt
2104 3218 2396 3271 horacienne,

2139 3271 2335 3364 gefe-d.
2366 3284 2397 3313 a

2167 3326 2398 3373 cico,com-

1446 3272 1666 3327 equivaut
1699 3271 1752 3314 a:
1783 3273 1904 3326 quod
1932 3273 2105 3313 viritim

1445 3325 1655 3379 singulis)
1672 3325 1899 3378 legeretur·
1913 3332 1955 3365 et
1974 3337 2058 3366 usu
2067 3338 2134 3379 pu

1448 3379 1589 3426 muni,
1613 3383 1837 3420 tereretur
1864 3377 2092 3430 (s'userait
2114 3390 2207 3441 peu
2236 3379 2262 3419 a
2287 3390 2394 3431 peu,

1447 3432 1578 3473 etant
1629 3442 1739 3473 sans
1791 3442 1924 3473 cesse
1977 3430 2163 3483 manie).
2213 3429 2394 3485 Virgile

1450 3481 1626 3537 (Geor-g.
1648 3483 1707 3536 11,
1722 3484 1790 3535 43)
1807 3496 1831 3524 a
1845 3482 2060 3538 employe
2080 3485 2138 3525 de
2157 3483 2307 3525 meme
2319 3495 2396 3538 ge-

1450 3538 1650 3579 neratim
1663 3548 1784 3592 pour
1802 3538 1879 3590 cuj
1883 3548 2020 3590 nsque
2037 3537 2233 3590 generis.
