2690 4169
383 144 474 233 aaa

1057 174 1379 230 SATIRAE,
1429 173 1513 227 11,
1564 185 1663 219 111.

388 295 675 356 Palantes
708 311 886 351 error
917 302 1084 349 certo
1119 290 1194 346 de
1224 285 1463 345 tramite
1495 284 1691 363 pellit,

389 375 506 434 Ille
533 373 982 437 sinistrorsum,
1008 369 1106 426 hic
1138 370 1525 425 dextrorsum
1551 364 1695 431 abit,
1731 381 1889 420 unus
1920 360 2163 439 utrique

2264 361 2340 418 50

389 455 608 523 Error,
647 453 755 511 sed
785 449 974 509 variis
1008 447 1209 505 illudit
1239 444 1602 522 partibusw,
1637 443 1753 499 hoc
1783 453 1842 499 te

393 533 591 592 Crede
623 532 803 590 modo
836 530 1138 595 insanum,
1175 523 1371 582 nihilo
1403 534 1470 581 ut
1500 521 1838 600 sapientior
1868 519 1971 576 ille

393 611 513 687 Qui
535 624 594 670 te
625 610 866 668 deridet
890 608 1140 666 caudam
1178 603 1461 662 trahat³⁰.
1499 601 1612 660 Est
1648 618 1845 679 genus
1876 616 2062 656 unum

396 689 678 751 Stultitia».
707 687 962 750 nihilum
997 684 1319 747 metuenda
1347 679 1641 749 timentiS,
1681 691 1747 737 ut
1777 678 1977 755 ignes,

389 1962 473 2023 Ut
505 1981 697 2043 rupes
727 1962 1068 2043 fluviosque
1101 1963 1162 2021 in
1191 1962 1483 2041 Campo³¹
1517 1965 1762 2022 obstare
1794 1978 2105 2043 queratur,

1617 1830 1894 1887 Chrysippo.

2265 1968 2341 2026 55

387 2044 665 2104 Alterum
703 2055 762 2101 et
781 2042 922 2102 huic
951 2043 1246 2102 varium³²
1280 2054 1339 2101 et
1356 2042 1547 2101 nihilo
1577 2044 1934 2121 sapientius,
1970 2045 2146 2125 ignes

391 2124 516 2184 Per
540 2122 776 2181 medios
807 2122 1146 2200 fluviosque
1178 2123 1435 2181 ruentis.
1474 2121 1706 2181 Clamet
1737 2125 1927 2183 amica

391 2203 610 2273 Mater,
647 2201 905 2260 honesta
937 2221 1138 2272 soror,
1177 2222 1310 2260 cum
1343 2202 1621 2281 cognatis
1654 2214 1846 2280 pater,
1882 2223 2074 2263 uxor:

393 2307 420 2336 «
458 2281 577 2340 Hic
606 2280 775 2339 fossa
799 2292 892 2339 est
923 2281 1164 2359 ingens,
1194 2280 1295 2339 hic
1325 2301 1512 2358 rupes
1545 2282 1829 2352 maxima3
1866 2285 2129 2354 serva³³,
2168 2308 2196 2339 2>

390 2360 530 2421 Non
560 2359 757 2439 magis
788 2358 1049 2419 audierit
1080 2380 1258 2438 quam
1290 2360 1497 2418 Fufius
1532 2361 1741 2419 ebrius
1765 2362 1931 2432 olim,

2266 2366 2342 2422 60

390 2438 544 2500 Cum
579 2439 835 2498 Ilionam
868 2440 1151 2509 edormit,
1190 2438 1462 2498 Catienis
1494 2440 1658 2498 mille
1688 2442 1969 2500 ducentis

387 2525 603 2585 Mater,
647 2534 700 2576 te
733 2522 970 2595 appello
1002 2519 1491 2578 clamantibus³⁴.
1529 2518 1687 2579 Huic
1720 2540 1833 2599 ego
1858 2521 2105 2600 vulgum

438 2680 507 2721 29.
549 2675 711 2719 laudet
743 2678 924 2730 utrique
958 2688 1074 2717 unus
1114 2688 1245 2718 error·
1270 2689 1342 2718 eos

387 2743 528 2785 agens
551 2732 600 2772 in
620 2732 774 2772 varias
791 2731 915 2771 sicvae
969 2737 1106 2771 artes.

437 2786 504 2826 ³0.
534 2787 630 2825 Hoc
648 2783 792 2831 modo,
811 2784 941 2824 corre
963 2782 1052 2824 atif
1063 2782 1121 2823 de
1142 2784 1273 2824 velut.
1289 2803 1342 2813 —

389 2837 596 2879 caudam
639 2835 816 2877 trahat.
850 2834 1064 2876 Allusion
1097 2836 1123 2876 a
1152 2835 1196 2876 la
1228 2847 1342 2877 cou-

385 2894 512 2932 tume
531 2889 692 2944 qu'ont
709 2887 778 2929 les
793 2888 974 2929 ensants
990 2887 1240 2929 d'attacher
1257 2900 1342 2929 une

420 2955 535 2984 ueue
561 2955 618 2982 uu
659 2941 746 2982 dos
783 2940 866 2982 des
929 2953 1012 2982 ens
1040 2952 1130 2982 aux
1166 2940 1223 2981 de
1260 2953 1343 2981 ens

421 2992 609 3048 esquels
623 2991 684 3034 ils
698 2992 887 3034 veulent
894 2953 1012 3034 {aire
1027 2992 1134 3035 rire.
1149 3014 1203 3024 —
1257 2992 1344 3033 ihi-

387 3050 432 3089 ιο
450 3053 515 3095 ut,
535 3045 699 3088 cea-d.
723 3044 814 3094 ‘ita)
841 3052 891 3085 ut
909 3047 988 3086 ille
1007 3046 1088 3098 qui
1105 3051 1146 3086 te
1169 3045 1345 3086 deridet

386 3100 585 3142 caudam
606 3097 768 3139 trahat
788 3096 918 3151 (ipse)
940 3098 1085 3139 nihilo
1106 3104 1147 3138 te
1163 3099 1344 3151 sapien-

387 3154 495 3195 tior.
510 3172 564 3183 —
582 3149 752 3198 Nihilo,
782 3162 961 3192 comme
989 3151 1158 3192 devant
1175 3152 1338 3201 minus,

385 3205 600 3249 deterius.

437 3259 504 3299 81.
542 3256 749 3299 Nihilum
784 3256 1039 3298 metuenda.
1071 3255 1342 3299 Ordinaire-

384 3316 514 3354 ment
546 3308 681 3352 nihil.
711 3308 796 3353 Cet
821 3308 994 3364 emploi
1021 3308 1344 3363 exceptionnel

385 3375 438 3405 se
454 3363 627 3415 iustitie
653 3374 740 3417 par
765 3360 885 3405 celui
912 3361 971 3405 de
998 3361 1144 3405 nihilo
1172 3363 1345 3408 devant

394 3415 466 3458 les
489 3413 789 3470 comparatifs
803 3426 862 3457 ou
876 3414 946 3456 les
960 3414 1130 3457 verbes
1145 3415 1201 3458 de
1252 3416 1340 3459 rix.

1450 2679 1515 2716 32.
1560 2679 1679 2718 Huic
1710 2679 1903 2726 varium,
1946 2677 2166 2721 different
2198 2679 2257 2723 de
2290 2693 2342 2724 ee

1397 2729 1601 2783 premier
1632 2742 1774 2784 genre
1807 2730 1865 2772 de
1896 2730 2078 2774 sottise.
2112 2732 2342 2787 Quelques

1398 2782 1675 2824 manuscrits
1690 2783 1895 2824 donnent
1910 2794 2070 2824 varum
2084 2785 2151 2836 (V.
2164 2798 2216 2827 ee
2228 2792 2340 2838 mot,

1400 2835 1544 2887 Sat.1,
1567 2846 1635 2887 ιιι,
1657 2835 1740 2883 47),
1767 2836 1904 2889 qu'on
1925 2836 2145 2890 explique
2171 2839 2344 2882 :allant

1399 2887 1506 2927 d’un
1535 2893 1664 2929 autre
1684 2888 1785 2930 οόῑό
1806 2894 1867 2939 et,
1893 2901 1977 2942 par
2000 2889 2135 2942 suite,
2166 2891 2339 2938 divers.

1400 2939 1749 2991 dissemblable,
1783 2940 2015 2983 different.
2034 2942 2096 2985 Co
2122 2943 2244 2987 datii·
2268 2953 2343 2987 ost

1400 2993 1630 3035 d'ailleurs
1648 2992 1724 3034 uni
1762 3006 1831 3043 ue,
1845 2992 1938 3035 soit
1954 3008 2065 3036 avec
2082 2997 2237 3039 varius
2250 2999 2343 3041 soit

1397 3059 1507 3088 avec
1546 3058 1695 3088 varus.
1768 3059 1852 3088 our
1889 3046 1934 3089 le
1972 3046 2092 3090 datis
2122 3048 2250 3102 huic,
2294 3056 2340 3094 V.

1398 3099 1484 3141 Od.
1508 3100 1583 3149 IV,
1604 3109 1704 3150 vm,
1724 3101 1790 3141 29.

1448 3154 1513 3192 33.
1530 3155 1679 3197 Serva,
1703 3152 1979 3206 garde-(toi),
2028 3153 2170 3197 rends
2182 3156 2340 3209 garde.

1447 3207 1513 3245 34.
1542 3206 1695 3266 Fufius
1713 3204 1878 3247 ebrius.
1900 3206 1961 3249 Ce
1978 3166 2134 3249 Epuflus
2151 3208 2264 3251 &tait
2282 3222 2343 3251 un

1395 3263 1551 3298 acteur
1571 3270 1650 3309 qui
1674 3259 1994 3311 representait,
2017 3260 2132 3301 dans
2147 3273 2235 3303 une
2253 3267 2344 3303 tra-

1395 3309 1532 3372 gedia
1548 3309 1605 3351 de
1626 3309 1865 3364 Pacuvius,
1882 3311 1924 3353 le
1936 3313 2032 3354 role
2047 3312 2253 3355 d’nion6.
2271 3314 2340 3357 On

1396 3368 1486 3403 smt
1505 3374 1609 3415 que,
1627 3362 1743 3405 dans
1763 3376 1841 3405 ces
1866 3363 2118 3407 immensos
2135 3366 2341 3409 ψόαι-οε

1394 3428 1453 3457 en
1463 3414 1590 3468 plain
1598 3415 1757 3467 air‚1es
1767 3415 1891 3460 rbles
1900 3417 1959 3460 de
1966 3416 2162 3461 femme·
2170 3418 2343 3462 etaient

393 3468 464 3511 Cf.
487 3468 583 3533 210.
599 3491 651 3500 —
673 3469 834 3522 Campo,
858 3467 903 3509 le
929 3467 1093 3523 champ
1114 3468 1170 3511 de
1195 3497 1211 3511 ι
1246 3481 1340 3513 ars.
1387 3466 1522 3522 jones
1541 3480 1625 3520 par
1647 3469 1731 3511 des
1749 3469 1971 3512 hommes.
1989 3470 2152 3522 Ilione,
2170 3470 2265 3514 fille
2282 3472 2342 3514 do
