2690 4169
866 212 1237 268 CARMINA‚
1287 212 1336 268 1,
1371 226 1496 260 xxx.

511 327 872 398 Caucasum,
908 328 1006 387 vel

749 407 993 466 Lambit

514 525 786 604 Namque
817 544 912 583 me
946 524 1100 584 silva
1129 526 1312 603 lupus
1343 524 1407 583 in
1440 524 1688 595 Sabina,

514 604 675 662 Dum
707 623 898 662 meam
934 616 1109 663 canto
1139 602 1447 684 Lalagen⁸
1478 616 1537 662 et
1567 604 1729 664 ultra

517 684 902 742 Terminum⁷
935 682 1101 741 curis
1132 703 1326 762 vagor
1356 682 1659 761 expeditis
1673 683 1719 754 ⁸,

756 761 939 842 Fugit
967 762 1283 832 inermem,

519 877 709 952 Quale
740 880 1127 957 portentum⁹
1159 900 1358 959 neque
1389 879 1672 939 militaris

516 955 855 1016 Daunias¹⁰
885 957 1024 1017 latis
1056 958 1162 1016 alit
1193 960 1498 1018 aesculetis

517 1036 645 1096 Nec
674 1036 904 1095 Jubae¹¹
938 1037 1136 1128 tellus·
1152 1050 1429 1118 generat,
1464 1038 1709 1096 leonum

754 1114 947 1174 Arida
974 1127 1200 1175 nutrix.

510 1231 681 1291 Pone
713 1253 809 1291 me
841 1234 1104 1314 pigris¹²
1136 1234 1241 1293 ubi
1272 1235 1442 1293 nulla
1474 1234 1706 1313 campis

514 1310 723 1370 Arbor
752 1312 961 1373 aestiva
988 1326 1302 1372 recreatur
1332 1334 1497 1382 aura,

518 1389 695 1463 Quod
727 1392 885 1451 latus
914 1392 1126 1452 mundi
1156 1392 1394 1453 nebulae
1422 1393 1738 1471 malusque

752 1471 783 1529 J
791 1470 1056 1549 upiter¹³
1089 1483 1268 1551 urget
1280 1495 1296 1543 ;

2108 211 2177 265 35).

1079 347 1170 387 uae
1199 328 1335 386 loca
1365 327 1717 387 fabulosus⁴

1082 408 1409 486 ydaspesss.

2094 602 2168 661 10

2094 1037 2165 1095 15

2002 1510 2005 1514 ι
2089 1472 2166 1530 20

518 1584 688 1644 Pone
721 1590 835 1646 sub
870 1608 1053 1647 curru
1084 1587 1336 1647 nimium
1369 1586 1704 1667 propinqui

514 1664 679 1723 Solis
713 1665 774 1724 in
804 1678 972 1725 terra
1000 1667 1286 1727 domibus
1318 1667 1607 1746 negata²⁴
1640 1688 1653 1723 ε

516 1741 710 1802 Dulce
743 1745 1042 1803 ridentem
1072 1745 1344 1825 Lalagen
1376 1748 1612 1816 amab0,

754 1822 949 1883 Dulce
981 1825 1414 1904 loquentem¹⁶.
1467 1893 1469 1896 y

245 2006 286 2045 4.
301 2002 563 2051 Fabulosus,
583 2003 698 2046 dont
710 2015 772 2046 on
818 2003 914 2046 arle
929 2004 1046 2047 dans
1061 2005 1146 2048 des

192 2055 336 2099 recits
350 2055 670 2099 merveilleux.
687 2079 740 2089 —
801 2069 867 2098 uae
896 2058 999 2099 loca
1019 2074 1074 2096 =
1091 2070 1148 2101 ea

193 2113 299 2151 loca
314 2122 429 2163 quae.
447 2109 559 2152 Com
595 2122 699 2151 arez
715 2109 808 2153 Sat.
828 2111 863 2162 1,
881 2121 912 2162 1,
935 2113 983 2153 1:
1005 2124 1144 2166 quam

189 2162 283 2205 sibi
296 2168 467 2204 sortem
493 2163 547 2203 de
581 2164 671 2204 erit
688 2169 941 2205 contentus.

244 2219 285 2256 5.
306 2216 559 2269 Hydaspes,
583 2214 734 2257 sseuve
752 2221 885 2257 entre
903 2215 1082 2258 l‘lndus
1101 2222 1149 2259 et

189 2268 238 2310 le
264 2267 437 2331 Gange,
469 2270 529 2310 ou
556 2267 821 2311 Alexandro
850 2268 1050 2311 termina
1069 2280 1148 2311 ses

188 2328 487 2426 cogqilgltggsr‘e,
504 2384 614 2414 nom
627 2370 936 2435 d’qss'ranchie.
947 2396 1001 2405 -
1014 2376 1152 2416 Nam·-

189 2438 278 2480 que
314 2437 520 2467 annonce
554 2438 616 2467 un
642 2424 726 2468 fan:
755 2423 1024 2479 particulier
1052 2427 1079 2468 ὲ
1107 2426 1151 2468 13

188 2479 315 2522 suite
334 2477 470 2520 d’une
488 2480 663 2533 pensee
689 2476 921 2533 generale.

244 2540 285 2579 7.
318 2538 590 2586 Termo'num,
621 2542 858 2580 sous-eut.
883 2538 1026 2591 fundi
1046 2541 1151 2582 mei.

243 2593 284 2633 8.
304 2591 565 2644 Ena-peditis,
601 2588 880 2644 expression
905 2586 1005 2632 tres
1032 2603 1149 2644 rare,

184 2644 423 2700 peut-&tre
456 2642 641 2696 unique.
672 2642 745 2686 On
782 2641 855 2685 dit
889 2642 1152 2687 ordinaire-

184 2701 322 2739 ment
340 2696 552 2749 expediri
569 2696 705 2743 curis,
739 2700 786 2737 et
813 2707 908 2738 non
935 2697 1152 2750 expedire

184 2761 344 2792 cura-³.

240 2806 282 2844 9.
303 2801 447 2854 Quale
455 2805 735 2854 portentum,
749 2809 869 2853 pour
882 2806 1152 2853 portentum

185 2856 286 2897 tale
306 2853 443 2908 quale
461 2865 553 2895 non
570 2854 782 2895 Daunias
796 2853 897 2895 alit.

243 2911 314 2949 10.
327 2908 548 2966 Daunias,
568 2904 842 2952 Dauniadis,
858 2902 1150 2963 formem-ec·

1200 2017 1307 2101 gne,
1339 2017 1461 2061 pour
1486 2006 1688 2053 Daunia,
1722 2003 1874 2058 partie
1915 2004 1975 2046 de
2000 2002 2164 2060 I’Apu-

1218 2072 1277 2102 xe.

1255 2115 1321 2154 11.
1357 2111 1490 2160 Iuba,
1528 2110 1599 2153 roi
1632 2110 1691 2153 de
1722 2110 1995 2153 Mauritanie
2022 2116 2072 2153 et
2102 2110 2162 2153 de

1201 2162 1439 2207 Numidie.

1258 2220 1324 2260 12.
1340 2218 1508 2272 Pigris,
1531 2215 1827 2271 engourdieS,
1844 2215 2047 2259 steriles.
2074 2217 2164 2257 He·

1202 2279 1370 2321 rodote
1393 2278 1577 2334 appelle
1597 2267 1849 2327 σπουδαίη
1871 2275 2049 2329 (active)
2073 2289 2162 2318 une

1202 2337 1327 2374 terre
1353 2328 1453 2373 tres
1484 2329 1653 2373 fertile.
1689 2329 2012 2380 Construisez:
2041 2342 2163 2382 pone

1204 2396 1273 2425 me
1317 2385 1433 2437 igr-is
1448 2386 1624 2438 campis
1639 2382 1717 2424 ubi
1729 2384 1876 2431 nulla,
1894 2388 1983 2425 etc.
2003 2404 2056 2413 —
2070 2382 2163 2446 Hy-

1202 2396 1396 2491 pez-{ate
1426 2435 1682 2491 frequente.
1718 2439 1838 2477 Pone
1874 2447 1943 2476 me
1969 2446 2161 2488 campas,

1204 2501 1384 2531 comme
1397 2490 1578 2531 sedibus
1590 2490 1774 2543 reponis
1789 2487 1894 2540 (Od.
1911 2497 1960 2529 lx
1995 2490 2063 2538 18,
2076 2490 2158 2539 19.)

1259 2545 1326 2584 13.
1366 2542 1519 2583 Malus
1553 2543 1746 2596 Jupiter,
1781 2540 1850 2581 air
1877 2519 2155 2582 masfaisant.

1205 2616 1259 2625 -
1377 2595 1407 2635 d
1434 2596 1570 2643 latus,
1603 2594 1706 2636 cote
1731 2593 1794 2635 du
1809 2593 1980 2635 monde
2013 2605 2156 2648 que...

1259 2650 1280 2688 1
1314 2677 1325 2690 .
1360 2647 1576 2689 Domibus
1607 2652 1793 2709 negata,
1815 2644 2038 2688 interdite
2067 2658 2158 2686 aux

1207 2698 1428 2751 maisons,
1469 2699 1634 2741 εμὲ-(1.
1676 2697 1975 2741 inhabitable.
2011 2698 2084 2742 On
2115 2697 2159 2739 le

1206 2752 1385 2807 croyait
1421 2753 1483 2793 du
1513 2758 1668 2806 temps
1702 2751 1928 2793 d'Horace
1964 2756 2012 2793 et
2048 2749 2160 2793 bien

1206 2804 1291 2846 des
1310 2802 1478 2846 siecles
1499 2817 1665 2846 encore
1683 2800 1836 2859 apres.

1255 2860 1322 2900 15.
1349 2858 1541 2899 Dulcelo
1576 2863 1769 2900 nentem.
1794 2857 1972 2900 Horace
1994 2855 2068 2898 dit
2081 2854 2163 2898 ail-

1202 2908 1329 2954 leurs
1349 2916 1523 2954 certum
1565 2915 1737 2952 ocutus.
