<?xml version="1.0" encoding="UTF-8"?>
<!DOCTYPE html PUBLIC "-//W3C//DTD XHTML 1.0 Transitional//EN"
    "http://www.w3.org/TR/xhtml1/DTD/xhtml1-transitional.dtd">
<html xmlns="http://www.w3.org/1999/xhtml" xml:lang="en" lang="en">
 <head>
  <title>
</title>
<meta http-equiv="Content-Type" content="text/html;charset=utf-8" />
  <meta name='ocr-system' content='tesseract 3.04.00' />
  <meta name='ocr-capabilities' content='ocr_page ocr_carea ocr_par ocr_line ocrx_word'/>
</head>
<body>
  <div class='ocr_page' id='page_1' title='image "./quintihoratifla02horagoog_0487.png"; bbox 0 0 2690 4169; ppageno 0'>
   <div class='ocr_carea' id='block_1_1' title="bbox 528 296 1869 361">
    <p class='ocr_par' dir='ltr' id='par_1_1' title="bbox 528 296 1869 361">
     <span class='ocr_line' id='line_1_1' title="bbox 528 296 1869 361; baseline 0 -16"><span class='ocrx_word' id='word_1_1' title='bbox 528 298 958 354; x_wconf 78' lang='lat' dir='ltr'><strong>EPISTOLAE,</strong></span> <span class='ocrx_word' id='word_1_2' title='bbox 1006 298 1090 354; x_wconf 93' lang='lat'>11,</span> <span class='ocrx_word' id='word_1_3' title='bbox 1139 310 1223 345; x_wconf 88' lang='lat'>111</span> <span class='ocrx_word' id='word_1_4' title='bbox 1272 296 1441 360; x_wconf 82' lang='lat' dir='ltr'>(ARS</span> <span class='ocrx_word' id='word_1_5' title='bbox 1489 297 1869 361; x_wconf 86' lang='lat' dir='ltr'>POETICA).</span> 
     </span>
    </p>
   </div>
   <div class='ocr_carea' id='block_1_2' title="bbox 2077 300 2170 346">
    <p class='ocr_par' dir='ltr' id='par_1_2' title="bbox 2077 300 2170 346">
     <span class='ocr_line' id='line_1_2' title="bbox 2077 300 2170 346; baseline 0 0"><span class='ocrx_word' id='word_1_6' title='bbox 2077 300 2170 346; x_wconf 75' lang='lat'>433</span> 
     </span>
    </p>
   </div>
   <div class='ocr_carea' id='block_1_3' title="bbox 214 412 1759 482">
    <p class='ocr_par' dir='ltr' id='par_1_3' title="bbox 214 412 1759 482">
     <span class='ocr_line' id='line_1_3' title="bbox 214 412 1759 482; baseline -0.003 -7"><span class='ocrx_word' id='word_1_7' title='bbox 214 412 575 476; x_wconf 88' lang='lat' dir='ltr'>Parturiunt</span> <span class='ocrx_word' id='word_1_8' title='bbox 602 424 864 482; x_wconf 87' lang='lat' dir='ltr'>montes,</span> <span class='ocrx_word' id='word_1_9' title='bbox 895 424 1184 470; x_wconf 90' lang='lat' dir='ltr'>nascetur</span> <span class='ocrx_word' id='word_1_10' title='bbox 1212 412 1514 470; x_wconf 88' lang='lat' dir='ltr'>ridiculus</span> <span class='ocrx_word' id='word_1_11' title='bbox 1539 432 1674 471; x_wconf 89' lang='lat' dir='ltr'>mus</span> <span class='ocrx_word' id='word_1_12' title='bbox 1688 414 1759 470; x_wconf 81' lang='lat'>⁷⁶.</span> 
     </span>
    </p>
   </div>
   <div class='ocr_carea' id='block_1_4' title="bbox 215 490 1606 570">
    <p class='ocr_par' dir='ltr' id='par_1_4' title="bbox 215 490 1606 570">
     <span class='ocr_line' id='line_1_4' title="bbox 215 490 1606 570; baseline -0.002 -17"><span class='ocrx_word' id='word_1_13' title='bbox 215 494 455 568; x_wconf 90' lang='lat' dir='ltr'>Quanto</span> <span class='ocrx_word' id='word_1_14' title='bbox 486 492 714 550; x_wconf 90' lang='lat' dir='ltr'>rectius</span> <span class='ocrx_word' id='word_1_15' title='bbox 744 492 842 549; x_wconf 92' lang='lat' dir='ltr'>hic</span> <span class='ocrx_word' id='word_1_16' title='bbox 873 491 977 570; x_wconf 91' lang='lat' dir='ltr'>qui</span> <span class='ocrx_word' id='word_1_17' title='bbox 1009 491 1095 548; x_wconf 95' lang='lat' dir='ltr'>nil</span> <span class='ocrx_word' id='word_1_18' title='bbox 1124 490 1373 550; x_wconf 88' lang='lat' dir='ltr'>molitur</span> <span class='ocrx_word' id='word_1_19' title='bbox 1401 492 1606 569; x_wconf 84' lang='lat' dir='ltr'>inepte</span> 
     </span>
    </p>
   </div>
   <div class='ocr_carea' id='block_1_5' title="bbox 2059 494 2173 553">
    <p class='ocr_par' dir='ltr' id='par_1_5' title="bbox 2059 494 2173 553">
     <span class='ocr_line' id='line_1_5' title="bbox 2059 494 2173 553; baseline 0.009 -1"><span class='ocrx_word' id='word_1_20' title='bbox 2059 494 2173 553; x_wconf 85' lang='grc'>140</span> 
     </span>
    </p>
   </div>
   <div class='ocr_carea' id='block_1_6' title="bbox 214 570 2168 1125">
    <p class='ocr_par' dir='ltr' id='par_1_6' title="bbox 218 570 1980 649">
     <span class='ocr_line' id='line_1_6' title="bbox 218 570 1980 649; baseline 0.002 -21"><span class='ocrx_word' id='word_1_21' title='bbox 218 597 246 628; x_wconf 76' lang='grc' dir='ltr'>α</span> <span class='ocrx_word' id='word_1_22' title='bbox 279 573 398 630; x_wconf 90' lang='lat' dir='ltr'>Dic</span> <span class='ocrx_word' id='word_1_23' title='bbox 427 571 599 641; x_wconf 91' lang='lat' dir='ltr'>mihi,</span> <span class='ocrx_word' id='word_1_24' title='bbox 633 571 832 640; x_wconf 90' lang='lat' dir='ltr'>Musa,</span> <span class='ocrx_word' id='word_1_25' title='bbox 865 572 1063 630; x_wconf 84' lang='lat' dir='ltr'>virum</span> <span class='ocrx_word' id='word_1_26' title='bbox 1094 581 1280 648; x_wconf 87' lang='lat' dir='ltr'>captae</span> <span class='ocrx_word' id='word_1_27' title='bbox 1303 583 1449 649; x_wconf 91' lang='lat' dir='ltr'>post</span> <span class='ocrx_word' id='word_1_28' title='bbox 1476 583 1753 649; x_wconf 88' lang='lat' dir='ltr'>tempora</span> <span class='ocrx_word' id='word_1_29' title='bbox 1781 570 1980 646; x_wconf 73' lang='lat' dir='ltr'>Troiae</span> 
     </span>
    </p>

    <p class='ocr_par' dir='ltr' id='par_1_7' title="bbox 216 649 1885 725">
     <span class='ocr_line' id='line_1_7' title="bbox 216 649 1885 725; baseline -0.002 -15"><span class='ocrx_word' id='word_1_30' title='bbox 216 651 335 725; x_wconf 91' lang='lat' dir='ltr'>Qui</span> <span class='ocrx_word' id='word_1_31' title='bbox 361 671 564 709; x_wconf 90' lang='lat' dir='ltr'>mores</span> <span class='ocrx_word' id='word_1_32' title='bbox 587 650 898 709; x_wconf 90' lang='lat' dir='ltr'>hominum</span> <span class='ocrx_word' id='word_1_33' title='bbox 928 650 1252 708; x_wconf 91' lang='lat' dir='ltr'>multorum</span> <span class='ocrx_word' id='word_1_34' title='bbox 1280 649 1437 707; x_wconf 86' lang='lat' dir='ltr'>vidit</span> <span class='ocrx_word' id='word_1_35' title='bbox 1462 663 1520 708; x_wconf 91' lang='lat' dir='ltr'>et</span> <span class='ocrx_word' id='word_1_36' title='bbox 1548 652 1828 708; x_wconf 83' lang='lat' dir='ltr'>urbes⁷⁷l</span> <span class='ocrx_word' id='word_1_37' title='bbox 1857 674 1885 706; x_wconf 71' lang='lat'>2&gt;</span> 
     </span>
    </p>

    <p class='ocr_par' dir='ltr' id='par_1_8' title="bbox 214 729 1842 808">
     <span class='ocr_line' id='line_1_8' title="bbox 214 729 1842 808; baseline -0.002 -18"><span class='ocrx_word' id='word_1_38' title='bbox 214 731 354 790; x_wconf 92' lang='lat' dir='ltr'>Non</span> <span class='ocrx_word' id='word_1_39' title='bbox 387 732 612 790; x_wconf 89' lang='lat' dir='ltr'>fumum</span> <span class='ocrx_word' id='word_1_40' title='bbox 644 749 715 788; x_wconf 88' lang='lat' dir='ltr'>ex</span> <span class='ocrx_word' id='word_1_41' title='bbox 746 729 1005 808; x_wconf 83' lang='lat' dir='ltr'>fulgore,</span> <span class='ocrx_word' id='word_1_42' title='bbox 1042 731 1150 787; x_wconf 89' lang='lat' dir='ltr'>sed</span> <span class='ocrx_word' id='word_1_43' title='bbox 1181 749 1253 787; x_wconf 88' lang='lat' dir='ltr'>ex</span> <span class='ocrx_word' id='word_1_44' title='bbox 1278 729 1440 788; x_wconf 89' lang='lat' dir='ltr'>fumo</span> <span class='ocrx_word' id='word_1_45' title='bbox 1472 730 1617 787; x_wconf 90' lang='lat' dir='ltr'>dare</span> <span class='ocrx_word' id='word_1_46' title='bbox 1648 731 1842 788; x_wconf 90' lang='lat' dir='ltr'>lucem</span> 
     </span>
    </p>

    <p class='ocr_par' dir='ltr' id='par_1_9' title="bbox 218 807 1757 889">
     <span class='ocr_line' id='line_1_9' title="bbox 218 807 1757 889; baseline -0.001 -21"><span class='ocrx_word' id='word_1_47' title='bbox 218 809 483 889; x_wconf 84' lang='lat' dir='ltr'>Cogitat,</span> <span class='ocrx_word' id='word_1_48' title='bbox 517 821 583 868; x_wconf 92' lang='lat' dir='ltr'>ut</span> <span class='ocrx_word' id='word_1_49' title='bbox 614 810 895 886; x_wconf 89' lang='lat' dir='ltr'>speciosa</span> <span class='ocrx_word' id='word_1_50' title='bbox 924 807 1145 866; x_wconf 93' lang='lat' dir='ltr'>dehinc</span> <span class='ocrx_word' id='word_1_51' title='bbox 1174 807 1466 867; x_wconf 90' lang='lat' dir='ltr'>miracula</span> <span class='ocrx_word' id='word_1_52' title='bbox 1493 822 1757 886; x_wconf 90' lang='lat' dir='ltr'>promat,</span> 
     </span>
    </p>

    <p class='ocr_par' dir='ltr' id='par_1_10' title="bbox 214 886 2168 1046">
     <span class='ocr_line' id='line_1_10' title="bbox 214 886 2168 966; baseline 0.001 -19"><span class='ocrx_word' id='word_1_53' title='bbox 214 888 590 966; x_wconf 85' lang='lat' dir='ltr'><strong>Antiphaten</strong></span> <span class='ocrx_word' id='word_1_54' title='bbox 616 887 998 966; x_wconf 84' lang='lat' dir='ltr'>Scyllamque</span> <span class='ocrx_word' id='word_1_55' title='bbox 1023 898 1081 945; x_wconf 87' lang='lat' dir='ltr'>et</span> <span class='ocrx_word' id='word_1_56' title='bbox 1109 907 1243 945; x_wconf 91' lang='lat' dir='ltr'>cum</span> <span class='ocrx_word' id='word_1_57' title='bbox 1271 886 1541 966; x_wconf 85' lang='lat' dir='ltr'><strong>Cyclope</strong></span> <span class='ocrx_word' id='word_1_58' title='bbox 1574 886 2014 966; x_wconf 80' lang='lat' dir='ltr'>Charybdin⁷⁸.</span> <span class='ocrx_word' id='word_1_59' title='bbox 2056 891 2168 948; x_wconf 79' lang='lat'>145</span> 
     </span>
     <span class='ocr_line' id='line_1_11' title="bbox 217 966 1768 1046; baseline -0.001 -20"><span class='ocrx_word' id='word_1_60' title='bbox 217 967 343 1027; x_wconf 93' lang='lat' dir='ltr'>Nec</span> <span class='ocrx_word' id='word_1_61' title='bbox 364 968 626 1026; x_wconf 87' lang='lat' dir='ltr'>reditum</span> <span class='ocrx_word' id='word_1_62' title='bbox 655 966 974 1026; x_wconf 88' lang='lat' dir='ltr'>Diomedis</span> <span class='ocrx_word' id='word_1_63' title='bbox 1005 967 1078 1024; x_wconf 92' lang='lat' dir='ltr'>ab</span> <span class='ocrx_word' id='word_1_64' title='bbox 1106 966 1357 1024; x_wconf 89' lang='lat' dir='ltr'>interitu</span> <span class='ocrx_word' id='word_1_65' title='bbox 1386 966 1768 1046; x_wconf 80' lang='lat' dir='ltr'>Meleagri⁷⁹,</span> 
     </span>
    </p>

    <p class='ocr_par' dir='ltr' id='par_1_11' title="bbox 216 1043 1828 1125">
     <span class='ocr_line' id='line_1_12' title="bbox 216 1043 1828 1125; baseline 0.001 -19"><span class='ocrx_word' id='word_1_66' title='bbox 216 1047 344 1106; x_wconf 92' lang='lat' dir='ltr'>Nec</span> <span class='ocrx_word' id='word_1_67' title='bbox 372 1046 618 1125; x_wconf 83' lang='lat' dir='ltr'>gemino</span> <span class='ocrx_word' id='word_1_68' title='bbox 647 1046 872 1104; x_wconf 92' lang='lat' dir='ltr'>bellum</span> <span class='ocrx_word' id='word_1_69' title='bbox 903 1043 1229 1124; x_wconf 86' lang='lat' dir='ltr'>Trojanum</span> <span class='ocrx_word' id='word_1_70' title='bbox 1259 1046 1499 1104; x_wconf 90' lang='lat' dir='ltr'>orditur</span> <span class='ocrx_word' id='word_1_71' title='bbox 1525 1049 1597 1104; x_wconf 90' lang='lat' dir='ltr'>ab</span> <span class='ocrx_word' id='word_1_72' title='bbox 1625 1067 1741 1106; x_wconf 84' lang='lat' dir='ltr'>ovo</span> <span class='ocrx_word' id='word_1_73' title='bbox 1755 1047 1828 1106; x_wconf 78' lang='lat'>⁸⁰.</span> 
     </span>
    </p>
   </div>
   <div class='ocr_carea' id='block_1_7' title="bbox 220 1125 1190 1205">
    <p class='ocr_par' dir='ltr' id='par_1_12' title="bbox 220 1125 1190 1205">
     <span class='ocr_line' id='line_1_13' title="bbox 220 1125 1190 1205; baseline -0.003 -20"><span class='ocrx_word' id='word_1_74' title='bbox 220 1126 478 1205; x_wconf 85' lang='lat' dir='ltr'>Semper</span> <span class='ocrx_word' id='word_1_75' title='bbox 507 1128 582 1185; x_wconf 87' lang='lat' dir='ltr'>ad</span> <span class='ocrx_word' id='word_1_76' title='bbox 616 1137 894 1185; x_wconf 82' lang='lat' dir='ltr'>eventum</span> <span class='ocrx_word' id='word_1_77' title='bbox 925 1125 1190 1195; x_wconf 84' lang='lat' dir='ltr'>festinat,</span> 
     </span>
    </p>
   </div>
   <div class='ocr_carea' id='block_1_8' title="bbox 1227 1124 1774 1186">
    <p class='ocr_par' dir='ltr' id='par_1_13' title="bbox 1227 1124 1774 1186">
     <span class='ocr_line' id='line_1_14' title="bbox 1227 1124 1774 1186; baseline 0 -2"><span class='ocrx_word' id='word_1_78' title='bbox 1227 1137 1285 1184; x_wconf 89' lang='lat' dir='ltr'>et</span> <span class='ocrx_word' id='word_1_79' title='bbox 1316 1124 1381 1182; x_wconf 90' lang='lat' dir='ltr'>in</span> <span class='ocrx_word' id='word_1_80' title='bbox 1411 1126 1641 1184; x_wconf 90' lang='lat' dir='ltr'>medias</span> <span class='ocrx_word' id='word_1_81' title='bbox 1672 1145 1774 1186; x_wconf 90' lang='lat' dir='ltr'>res</span> 
     </span>
    </p>
   </div>
   <div class='ocr_carea' id='block_1_9' title="bbox 217 1204 1770 1284">
    <p class='ocr_par' dir='ltr' id='par_1_14' title="bbox 217 1204 1770 1284">
     <span class='ocr_line' id='line_1_15' title="bbox 217 1204 1770 1284; baseline 0 -20"><span class='ocrx_word' id='word_1_82' title='bbox 217 1205 356 1264; x_wconf 93' lang='lat' dir='ltr'>Non</span> <span class='ocrx_word' id='word_1_83' title='bbox 388 1224 566 1264; x_wconf 89' lang='lat' dir='ltr'>secus</span> <span class='ocrx_word' id='word_1_84' title='bbox 593 1225 661 1264; x_wconf 88' lang='lat' dir='ltr'>ac</span> <span class='ocrx_word' id='word_1_85' title='bbox 687 1216 863 1263; x_wconf 89' lang='lat' dir='ltr'>notas</span> <span class='ocrx_word' id='word_1_86' title='bbox 895 1204 1234 1263; x_wconf 86' lang='lat' dir='ltr'>auditorem</span> <span class='ocrx_word' id='word_1_87' title='bbox 1262 1205 1513 1283; x_wconf 82' lang='lat' dir='ltr'>rapit⁸¹,</span> <span class='ocrx_word' id='word_1_88' title='bbox 1549 1217 1608 1263; x_wconf 89' lang='lat' dir='ltr'>et</span> <span class='ocrx_word' id='word_1_89' title='bbox 1637 1226 1770 1284; x_wconf 86' lang='lat' dir='ltr'>quae</span> 
     </span>
    </p>
   </div>
   <div class='ocr_carea' id='block_1_10' title="bbox 219 1284 1711 1363">
    <p class='ocr_par' dir='ltr' id='par_1_15' title="bbox 219 1284 1711 1363">
     <span class='ocr_line' id='line_1_16' title="bbox 219 1284 1711 1363; baseline 0 -20"><span class='ocrx_word' id='word_1_90' title='bbox 219 1285 524 1363; x_wconf 84' lang='lat' dir='ltr'>Desperat</span> <span class='ocrx_word' id='word_1_91' title='bbox 552 1295 804 1342; x_wconf 89' lang='lat' dir='ltr'>tractata</span> <span class='ocrx_word' id='word_1_92' title='bbox 833 1284 1137 1342; x_wconf 86' lang='lat' dir='ltr'>nitescere</span> <span class='ocrx_word' id='word_1_93' title='bbox 1165 1303 1356 1362; x_wconf 90' lang='lat' dir='ltr'>posse</span> <span class='ocrx_word' id='word_1_94' title='bbox 1385 1284 1679 1363; x_wconf 90' lang='lat' dir='ltr'>relinquit</span> <span class='ocrx_word' id='word_1_95' title='bbox 1696 1308 1711 1356; x_wconf 94' lang='lat'>;</span> 
     </span>
    </p>
   </div>
   <div class='ocr_carea' id='block_1_11' title="bbox 2052 1288 2166 1346">
    <p class='ocr_par' dir='ltr' id='par_1_16' title="bbox 2052 1288 2166 1346">
     <span class='ocr_line' id='line_1_17' title="bbox 2052 1288 2166 1346; baseline 0 0"><span class='ocrx_word' id='word_1_96' title='bbox 2052 1288 2166 1346; x_wconf 85' lang='lat'>150</span> 
     </span>
    </p>
   </div>
   <div class='ocr_carea' id='block_1_12' title="bbox 217 1363 1955 1679">
    <p class='ocr_par' dir='ltr' id='par_1_17' title="bbox 217 1363 1773 1521">
     <span class='ocr_line' id='line_1_18' title="bbox 217 1363 1773 1442; baseline 0.001 -21"><span class='ocrx_word' id='word_1_97' title='bbox 217 1363 417 1442; x_wconf 91' lang='lat' dir='ltr'>Atque</span> <span class='ocrx_word' id='word_1_98' title='bbox 447 1364 531 1422; x_wconf 89' lang='lat' dir='ltr'>ita</span> <span class='ocrx_word' id='word_1_99' title='bbox 559 1364 850 1422; x_wconf 90' lang='lat' dir='ltr'>mentitur</span> <span class='ocrx_word' id='word_1_100' title='bbox 863 1364 933 1432; x_wconf 77' lang='lat'>⁸²,</span> <span class='ocrx_word' id='word_1_101' title='bbox 971 1363 1058 1421; x_wconf 92' lang='lat' dir='ltr'>sic</span> <span class='ocrx_word' id='word_1_102' title='bbox 1083 1363 1249 1422; x_wconf 85' lang='lat' dir='ltr'>veris</span> <span class='ocrx_word' id='word_1_103' title='bbox 1283 1363 1435 1422; x_wconf 90' lang='lat' dir='ltr'>falsa</span> <span class='ocrx_word' id='word_1_104' title='bbox 1462 1365 1773 1435; x_wconf 90' lang='lat' dir='ltr'>remiscet‚</span> 
     </span>
     <span class='ocr_line' id='line_1_19' title="bbox 217 1443 1749 1521; baseline 0 -20"><span class='ocrx_word' id='word_1_105' title='bbox 217 1443 427 1501; x_wconf 92' lang='lat' dir='ltr'>Primo</span> <span class='ocrx_word' id='word_1_106' title='bbox 453 1462 530 1501; x_wconf 91' lang='lat' dir='ltr'>ne</span> <span class='ocrx_word' id='word_1_107' title='bbox 560 1443 847 1513; x_wconf 89' lang='lat' dir='ltr'>medium,</span> <span class='ocrx_word' id='word_1_108' title='bbox 878 1443 1077 1500; x_wconf 92' lang='lat' dir='ltr'>medio</span> <span class='ocrx_word' id='word_1_109' title='bbox 1103 1462 1179 1500; x_wconf 92' lang='lat' dir='ltr'>ne</span> <span class='ocrx_word' id='word_1_110' title='bbox 1205 1443 1519 1521; x_wconf 87' lang='lat' dir='ltr'>discrepet</span> <span class='ocrx_word' id='word_1_111' title='bbox 1542 1443 1749 1503; x_wconf 91' lang='lat' dir='ltr'>imum.</span> 
     </span>
    </p>

    <p class='ocr_par' dir='ltr' id='par_1_18' title="bbox 221 1522 1955 1679">
     <span class='ocr_line' id='line_1_20' title="bbox 297 1522 1955 1601; baseline 0.001 -20"><span class='ocrx_word' id='word_1_112' title='bbox 297 1523 388 1582; x_wconf 87' lang='lat' dir='ltr'>Tu</span> <span class='ocrx_word' id='word_1_113' title='bbox 419 1522 564 1601; x_wconf 91' lang='lat' dir='ltr'>quid</span> <span class='ocrx_word' id='word_1_114' title='bbox 593 1541 707 1601; x_wconf 85' lang='lat' dir='ltr'>ego</span> <span class='ocrx_word' id='word_1_115' title='bbox 741 1533 801 1579; x_wconf 88' lang='lat' dir='ltr'>et</span> <span class='ocrx_word' id='word_1_116' title='bbox 827 1522 1094 1600; x_wconf 89' lang='lat' dir='ltr'>populus</span> <span class='ocrx_word' id='word_1_117' title='bbox 1122 1541 1355 1580; x_wconf 88' lang='lat' dir='ltr'>mecum</span> <span class='ocrx_word' id='word_1_118' title='bbox 1387 1522 1701 1582; x_wconf 89' lang='lat' dir='ltr'>desideret</span> <span class='ocrx_word' id='word_1_119' title='bbox 1729 1525 1955 1582; x_wconf 75' lang='lat' dir='ltr'>audi⁸³.</span> 
     </span>
     <span class='ocr_line' id='line_1_21' title="bbox 221 1600 1646 1679; baseline 0.001 -20"><span class='ocrx_word' id='word_1_120' title='bbox 221 1601 287 1659; x_wconf 91' lang='lat' dir='ltr'>Si</span> <span class='ocrx_word' id='word_1_121' title='bbox 317 1600 626 1679; x_wconf 88' lang='lat' dir='ltr'>plausoris</span> <span class='ocrx_word' id='word_1_122' title='bbox 656 1620 802 1679; x_wconf 87' lang='lat' dir='ltr'>eges</span> <span class='ocrx_word' id='word_1_123' title='bbox 833 1601 1019 1659; x_wconf 89' lang='lat' dir='ltr'>aulaea</span> <span class='ocrx_word' id='word_1_124' title='bbox 1046 1601 1347 1659; x_wconf 89' lang='lat' dir='ltr'>manentis</span> <span class='ocrx_word' id='word_1_125' title='bbox 1374 1613 1433 1659; x_wconf 90' lang='lat' dir='ltr'>et</span> <span class='ocrx_word' id='word_1_126' title='bbox 1452 1621 1646 1679; x_wconf 91' lang='lat' dir='ltr'>usque</span> 
     </span>
    </p>
   </div>
   <div class='ocr_carea' id='block_1_13' title="bbox 221 1679 1652 1756">
    <p class='ocr_par' dir='ltr' id='par_1_19' title="bbox 221 1679 1652 1756">
     <span class='ocr_line' id='line_1_22' title="bbox 221 1679 1652 1756; baseline -0.001 -18"><span class='ocrx_word' id='word_1_127' title='bbox 221 1679 468 1740; x_wconf 85' lang='lat' dir='ltr'>Sessuri</span> <span class='ocrx_word' id='word_1_128' title='bbox 493 1682 689 1739; x_wconf 90' lang='lat' dir='ltr'>donec</span> <span class='ocrx_word' id='word_1_129' title='bbox 721 1691 932 1738; x_wconf 88' lang='lat' dir='ltr'>cantor</span> <span class='ocrx_word' id='word_1_130' title='bbox 969 1685 1076 1737; x_wconf 88' lang='lat' dir='ltr'>Vos</span> <span class='ocrx_word' id='word_1_131' title='bbox 1100 1682 1378 1756; x_wconf 79' lang='lat' dir='ltr'>plaudite</span> <span class='ocrx_word' id='word_1_132' title='bbox 1407 1680 1652 1751; x_wconf 56' lang='lat' dir='ltr'>dicatu,</span> 
     </span>
    </p>
   </div>
   <div class='ocr_carea' id='block_1_14' title="bbox 270 1835 1169 1895">
    <p class='ocr_par' dir='ltr' id='par_1_20' title="bbox 270 1835 1169 1895">
     <span class='ocr_line' id='line_1_23' title="bbox 270 1835 1169 1895; baseline -0.001 -10"><span class='ocrx_word' id='word_1_133' title='bbox 270 1847 337 1886; x_wconf 78' lang='lat'>⁷6.</span> <span class='ocrx_word' id='word_1_134' title='bbox 356 1847 633 1886; x_wconf 68' lang='lat' dir='ltr'>Par-turtum</span> <span class='ocrx_word' id='word_1_135' title='bbox 651 1851 838 1895; x_wconf 69' lang='lat' dir='ltr'>montes,</span> <span class='ocrx_word' id='word_1_136' title='bbox 862 1851 950 1889; x_wconf 84' lang='lat' dir='ltr'>etc.</span> <span class='ocrx_word' id='word_1_137' title='bbox 974 1835 1169 1884; x_wconf 79' lang='grc' dir='ltr'>Ὤδινεν</span> 
     </span>
    </p>
   </div>
   <div class='ocr_carea' id='block_1_15' title="bbox 217 1893 1180 3287">
    <p class='ocr_par' dir='ltr' id='par_1_21' title="bbox 217 1893 1167 2386">
     <span class='ocr_line' id='line_1_24' title="bbox 219 1893 1167 2000; baseline 0.002 -55"><span class='ocrx_word' id='word_1_138' title='bbox 219 1896 350 1968; x_wconf 71' lang='grc' dir='ltr'><strong>ὄρος,</strong></span> <span class='ocrx_word' id='word_1_139' title='bbox 368 1893 475 1943; x_wconf 82' lang='grc' dir='ltr'>εἶτα</span> <span class='ocrx_word' id='word_1_140' title='bbox 486 1899 585 2000; x_wconf 62' lang='grc' dir='ltr'>ίμῦν</span> <span class='ocrx_word' id='word_1_141' title='bbox 606 1898 787 1958; x_wconf 80' lang='grc' dir='ltr'>ἔτεκεν,</span> <span class='ocrx_word' id='word_1_142' title='bbox 801 1906 1028 1961; x_wconf 82' lang='lat' dir='ltr'>proverbe</span> <span class='ocrx_word' id='word_1_143' title='bbox 1041 1919 1167 1961; x_wconf 84' lang='lat' dir='ltr'>grec,</span> 
     </span>
     <span class='ocr_line' id='line_1_25' title="bbox 218 1959 1166 2020; baseline 0.003 -21"><span class='ocrx_word' id='word_1_144' title='bbox 218 1961 306 2000; x_wconf 72' lang='lat' dir='ltr'>tire</span> <span class='ocrx_word' id='word_1_145' title='bbox 326 1959 460 2020; x_wconf 67' lang='lat' dir='ltr'>d&#39;pne</span> <span class='ocrx_word' id='word_1_146' title='bbox 507 1959 609 2000; x_wconf 83' lang='lat' dir='ltr'>able</span> <span class='ocrx_word' id='word_1_147' title='bbox 631 1959 739 2002; x_wconf 86' lang='lat' dir='ltr'>bien</span> <span class='ocrx_word' id='word_1_148' title='bbox 755 1973 931 2001; x_wconf 89' lang='lat' dir='ltr'>connue</span> <span class='ocrx_word' id='word_1_149' title='bbox 951 1960 1166 2013; x_wconf 87' lang='lat' dir='ltr'>d’Esope.</span> 
     </span>
     <span class='ocr_line' id='line_1_26' title="bbox 226 2012 1166 2065; baseline 0.001 -12"><span class='ocrx_word' id='word_1_150' title='bbox 226 2016 271 2053; x_wconf 93' lang='lat' dir='ltr'>V.</span> <span class='ocrx_word' id='word_1_151' title='bbox 292 2012 508 2064; x_wconf 66' lang='lat' dir='ltr'>Plumae,</span> <span class='ocrx_word' id='word_1_152' title='bbox 530 2013 607 2063; x_wconf 91' lang='lat' dir='ltr'>IV,</span> <span class='ocrx_word' id='word_1_153' title='bbox 635 2016 709 2064; x_wconf 80' lang='lat'>133</span> <span class='ocrx_word' id='word_1_154' title='bbox 742 2022 803 2054; x_wconf 67' lang='lat' dir='ltr'>LA</span> <span class='ocrx_word' id='word_1_155' title='bbox 827 2014 1089 2063; x_wconf 68' lang='lat' dir='ltr'>Foummn,</span> <span class='ocrx_word' id='word_1_156' title='bbox 1110 2013 1166 2065; x_wconf 88' lang='lat' dir='ltr'>V,</span> 
     </span>
     <span class='ocr_line' id='line_1_27' title="bbox 219 2064 1166 2121; baseline 0 -15"><span class='ocrx_word' id='word_1_157' title='bbox 219 2068 285 2108; x_wconf 98' lang='grc'>10.</span> <span class='ocrx_word' id='word_1_158' title='bbox 319 2064 569 2121; x_wconf 89' lang='lat' dir='ltr'>Comparez</span> <span class='ocrx_word' id='word_1_159' title='bbox 604 2067 828 2109; x_wconf 77' lang='lat' dir='ltr'>ridiculus</span> <span class='ocrx_word' id='word_1_160' title='bbox 865 2079 962 2108; x_wconf 80' lang='lat' dir='ltr'>mus</span> <span class='ocrx_word' id='word_1_161' title='bbox 998 2067 1023 2107; x_wconf 78' lang='lat' dir='ltr'>a</span> <span class='ocrx_word' id='word_1_162' title='bbox 1062 2067 1166 2107; x_wconf 78' lang='lat' dir='ltr'>exi-</span> 
     </span>
     <span class='ocr_line' id='line_1_28' title="bbox 217 2118 1163 2173; baseline 0.002 -14"><span class='ocrx_word' id='word_1_163' title='bbox 217 2130 334 2170; x_wconf 72' lang='lat' dir='ltr'>guus</span> <span class='ocrx_word' id='word_1_164' title='bbox 366 2131 465 2161; x_wconf 82' lang='lat' dir='ltr'>mus</span> <span class='ocrx_word' id='word_1_165' title='bbox 493 2119 551 2160; x_wconf 90' lang='lat' dir='ltr'>de</span> <span class='ocrx_word' id='word_1_166' title='bbox 578 2118 660 2161; x_wconf 89' lang='lat' dir='ltr'>Vir</span> <span class='ocrx_word' id='word_1_167' title='bbox 694 2119 755 2161; x_wconf 91' lang='lat' dir='ltr'>ile</span> <span class='ocrx_word' id='word_1_168' title='bbox 785 2119 960 2173; x_wconf 82' lang='lat' dir='ltr'>(Ge&#39;org.</span> <span class='ocrx_word' id='word_1_169' title='bbox 982 2121 1017 2171; x_wconf 95' lang='lat'>1,</span> <span class='ocrx_word' id='word_1_170' title='bbox 1046 2121 1163 2170; x_wconf 85' lang='lat'><strong>181).</strong></span> 
     </span>
     <span class='ocr_line' id='line_1_29' title="bbox 218 2172 1166 2214; baseline 0.001 -2"><span class='ocrx_word' id='word_1_171' title='bbox 218 2172 307 2212; x_wconf 87' lang='lat' dir='ltr'>Les</span> <span class='ocrx_word' id='word_1_172' title='bbox 322 2172 601 2213; x_wconf 82' lang='lat' dir='ltr'>manuscrits</span> <span class='ocrx_word' id='word_1_173' title='bbox 618 2177 665 2213; x_wconf 90' lang='lat' dir='ltr'>et</span> <span class='ocrx_word' id='word_1_174' title='bbox 697 2184 747 2214; x_wconf 90' lang='lat' dir='ltr'>es</span> <span class='ocrx_word' id='word_1_175' title='bbox 762 2172 967 2214; x_wconf 74' lang='lat' dir='ltr'>editions</span> <span class='ocrx_word' id='word_1_176' title='bbox 986 2172 1166 2214; x_wconf 81' lang='lat' dir='ltr'>varient</span> 
     </span>
     <span class='ocr_line' id='line_1_30' title="bbox 220 2224 1165 2278; baseline 0.001 -13"><span class='ocrx_word' id='word_1_177' title='bbox 220 2230 350 2265; x_wconf 84' lang='lat' dir='ltr'>entre</span> <span class='ocrx_word' id='word_1_178' title='bbox 422 2226 660 2266; x_wconf 74' lang='lat' dir='ltr'>artur-iant</span> <span class='ocrx_word' id='word_1_179' title='bbox 697 2229 744 2267; x_wconf 84' lang='lat' dir='ltr'>et</span> <span class='ocrx_word' id='word_1_180' title='bbox 764 2227 1035 2278; x_wconf 75' lang='lat' dir='ltr'>parturient</span> <span class='ocrx_word' id='word_1_181' title='bbox 1044 2239 1064 2272; x_wconf 88' lang='lat'><em>;</em></span> <span class='ocrx_word' id='word_1_182' title='bbox 1095 2224 1165 2266; x_wconf 89' lang='lat' dir='ltr'>les</span> 
     </span>
     <span class='ocr_line' id='line_1_31' title="bbox 220 2276 1163 2331; baseline -0.001 -13"><span class='ocrx_word' id='word_1_183' title='bbox 220 2277 342 2319; x_wconf 86' lang='lat' dir='ltr'>deux</span> <span class='ocrx_word' id='word_1_184' title='bbox 396 2291 533 2329; x_wconf 65' lang='lat' dir='ltr'>econs</span> <span class='ocrx_word' id='word_1_185' title='bbox 566 2289 682 2319; x_wconf 90' lang='lat' dir='ltr'>nous</span> <span class='ocrx_word' id='word_1_186' title='bbox 710 2278 974 2331; x_wconf 85' lang='lat' dir='ltr'>paraissent</span> <span class='ocrx_word' id='word_1_187' title='bbox 1005 2276 1163 2331; x_wconf 79' lang='lat' dir='ltr'>egale-</span> 
     </span>
     <span class='ocr_line' id='line_1_32' title="bbox 221 2330 631 2386; baseline 0 -15"><span class='ocrx_word' id='word_1_188' title='bbox 221 2337 346 2374; x_wconf 78' lang='lat' dir='ltr'>ment</span> <span class='ocrx_word' id='word_1_189' title='bbox 360 2330 631 2386; x_wconf 85' lang='lat' dir='ltr'>plausibles.</span> 
     </span>
    </p>

    <p class='ocr_par' dir='ltr' id='par_1_22' title="bbox 217 2382 1175 2541">
     <span class='ocr_line' id='line_1_33' title="bbox 279 2382 1174 2431; baseline -0.006 -3"><span class='ocrx_word' id='word_1_190' title='bbox 279 2387 345 2431; x_wconf 73' lang='grc' dir='ltr'>Π.</span> <span class='ocrx_word' id='word_1_191' title='bbox 362 2388 445 2428; x_wconf 80' lang='lat' dir='ltr'>Dic</span> <span class='ocrx_word' id='word_1_192' title='bbox 460 2384 587 2431; x_wconf 77' lang='lat' dir='ltr'>mihi,</span> <span class='ocrx_word' id='word_1_193' title='bbox 606 2386 752 2429; x_wconf 79' lang='lat' dir='ltr'>Musa,</span> <span class='ocrx_word' id='word_1_194' title='bbox 771 2384 931 2425; x_wconf 74' lang='lat' dir='ltr'>virum.</span> <span class='ocrx_word' id='word_1_195' title='bbox 949 2382 1035 2425; x_wconf 90' lang='lat' dir='ltr'>Ces</span> <span class='ocrx_word' id='word_1_196' title='bbox 1051 2383 1174 2424; x_wconf 84' lang='lat' dir='ltr'>deux</span> 
     </span>
     <span class='ocr_line' id='line_1_34' title="bbox 217 2434 1175 2491; baseline -0.008 -6"><span class='ocrx_word' id='word_1_197' title='bbox 217 2453 328 2485; x_wconf 77' lang='lat' dir='ltr'>vers</span> <span class='ocrx_word' id='word_1_198' title='bbox 347 2445 456 2483; x_wconf 89' lang='lat' dir='ltr'>sont</span> <span class='ocrx_word' id='word_1_199' title='bbox 484 2440 509 2479; x_wconf 84' lang='grc'>0</span> <span class='ocrx_word' id='word_1_200' title='bbox 536 2450 626 2491; x_wconf 90' lang='lat' dir='ltr'>peu</span> <span class='ocrx_word' id='word_1_201' title='bbox 651 2434 762 2491; x_wconf 78' lang='lat' dir='ltr'>pres</span> <span class='ocrx_word' id='word_1_202' title='bbox 793 2449 880 2476; x_wconf 92' lang='lat' dir='ltr'>une</span> <span class='ocrx_word' id='word_1_203' title='bbox 911 2436 1175 2478; x_wconf 86' lang='lat' dir='ltr'>traduction</span> 
     </span>
     <span class='ocr_line' id='line_1_35' title="bbox 220 2488 1031 2541; baseline -0.009 -4"><span class='ocrx_word' id='word_1_204' title='bbox 220 2496 284 2537; x_wconf 92' lang='lat' dir='ltr'>du</span> <span class='ocrx_word' id='word_1_205' title='bbox 301 2493 694 2536; x_wconf 88' lang='lat' dir='ltr'>commencement</span> <span class='ocrx_word' id='word_1_206' title='bbox 712 2488 770 2529; x_wconf 98' lang='grc'>(10</span> <span class='ocrx_word' id='word_1_207' title='bbox 789 2488 1031 2541; x_wconf 80' lang='lat' dir='ltr'>l&#39;Odysse&#39;e.</span> 
     </span>
    </p>

    <p class='ocr_par' dir='ltr' id='par_1_23' title="bbox 219 2541 1174 2968">
     <span class='ocr_line' id='line_1_36' title="bbox 273 2541 1171 2597; baseline -0.007 -9"><span class='ocrx_word' id='word_1_208' title='bbox 273 2549 339 2588; x_wconf 81' lang='lat'>78.</span> <span class='ocrx_word' id='word_1_209' title='bbox 368 2544 634 2597; x_wconf 81' lang='lat' dir='ltr'>Antiphate,</span> <span class='ocrx_word' id='word_1_210' title='bbox 654 2541 723 2583; x_wconf 88' lang='lat' dir='ltr'>roi</span> <span class='ocrx_word' id='word_1_211' title='bbox 750 2542 835 2582; x_wconf 88' lang='lat' dir='ltr'>des</span> <span class='ocrx_word' id='word_1_212' title='bbox 868 2541 1171 2595; x_wconf 82' lang='lat' dir='ltr'>Lestrygons‚</span> 
     </span>
     <span class='ocr_line' id='line_1_37' title="bbox 222 2594 1173 2655; baseline -0.004 -15"><span class='ocrx_word' id='word_1_213' title='bbox 222 2600 301 2653; x_wconf 73' lang='lat' dir='ltr'>qui</span> <span class='ocrx_word' id='word_1_214' title='bbox 320 2610 513 2651; x_wconf 86' lang='lat' dir='ltr'>mangea</span> <span class='ocrx_word' id='word_1_215' title='bbox 532 2610 593 2637; x_wconf 87' lang='lat' dir='ltr'>un</span> <span class='ocrx_word' id='word_1_216' title='bbox 613 2595 695 2636; x_wconf 88' lang='lat' dir='ltr'>des</span> <span class='ocrx_word' id='word_1_217' title='bbox 721 2604 1038 2655; x_wconf 78' lang='lat' dir='ltr'>compagnons</span> <span class='ocrx_word' id='word_1_218' title='bbox 1057 2594 1173 2636; x_wconf 90' lang='lat' dir='ltr'>d’U-</span> 
     </span>
     <span class='ocr_line' id='line_1_38' title="bbox 219 2647 1171 2702; baseline -0.005 -9"><span class='ocrx_word' id='word_1_219' title='bbox 219 2651 349 2702; x_wconf 73' lang='lat' dir='ltr'>lysse</span> <span class='ocrx_word' id='word_1_220' title='bbox 381 2658 428 2692; x_wconf 90' lang='lat' dir='ltr'>et</span> <span class='ocrx_word' id='word_1_221' title='bbox 463 2647 681 2690; x_wconf 76' lang='lat' dir='ltr'>detruisit</span> <span class='ocrx_word' id='word_1_222' title='bbox 711 2658 789 2688; x_wconf 87' lang='lat' dir='ltr'>ses</span> <span class='ocrx_word' id='word_1_223' title='bbox 828 2658 1089 2688; x_wconf 77' lang='lat' dir='ltr'>vaisseaux.</span> <span class='ocrx_word' id='word_1_224' title='bbox 1125 2650 1171 2688; x_wconf 89' lang='lat' dir='ltr'>V.</span> 
     </span>
     <span class='ocr_line' id='line_1_39' title="bbox 220 2696 1174 2756; baseline -0.006 -10"><span class='ocrx_word' id='word_1_225' title='bbox 220 2696 349 2747; x_wconf 71' lang='lat' dir='ltr'>Hom.</span> <span class='ocrx_word' id='word_1_226' title='bbox 370 2700 575 2756; x_wconf 78' lang='lat' dir='ltr'>Odysse&#39;e‚</span> <span class='ocrx_word' id='word_1_227' title='bbox 589 2702 642 2752; x_wconf 88' lang='lat' dir='ltr'>X,</span> <span class='ocrx_word' id='word_1_228' title='bbox 662 2704 737 2741; x_wconf 88' lang='grc'>100</span> <span class='ocrx_word' id='word_1_229' title='bbox 754 2706 800 2742; x_wconf 87' lang='lat' dir='ltr'>et</span> <span class='ocrx_word' id='word_1_230' title='bbox 817 2699 936 2740; x_wconf 89' lang='lat' dir='ltr'>suiv.</span> <span class='ocrx_word' id='word_1_231' title='bbox 954 2722 1005 2729; x_wconf 92' lang='lat'>—</span> <span class='ocrx_word' id='word_1_232' title='bbox 1018 2702 1070 2741; x_wconf 87' lang='lat' dir='ltr'>Sc</span> <span class='ocrx_word' id='word_1_233' title='bbox 1105 2700 1174 2741; x_wconf 78' lang='lat' dir='ltr'>lta</span> 
     </span>
     <span class='ocr_line' id='line_1_40' title="bbox 221 2751 1167 2805; baseline -0.008 -6"><span class='ocrx_word' id='word_1_234' title='bbox 221 2762 292 2799; x_wconf 86' lang='lat' dir='ltr'>est</span> <span class='ocrx_word' id='word_1_235' title='bbox 312 2769 372 2797; x_wconf 89' lang='lat' dir='ltr'>un</span> <span class='ocrx_word' id='word_1_236' title='bbox 397 2754 560 2795; x_wconf 86' lang='lat' dir='ltr'>rocher</span> <span class='ocrx_word' id='word_1_237' title='bbox 579 2767 635 2795; x_wconf 90' lang='lat' dir='ltr'>en</span> <span class='ocrx_word' id='word_1_238' title='bbox 654 2752 785 2795; x_wconf 85' lang='lat' dir='ltr'>Italic</span> <span class='ocrx_word' id='word_1_239' title='bbox 799 2767 812 2805; x_wconf 83' lang='lat'><em>3</em></span> <span class='ocrx_word' id='word_1_240' title='bbox 837 2757 884 2793; x_wconf 87' lang='lat' dir='ltr'>et</span> <span class='ocrx_word' id='word_1_241' title='bbox 914 2751 1068 2805; x_wconf 73' lang='lat' dir='ltr'>Chat-y</span> <span class='ocrx_word' id='word_1_242' title='bbox 1100 2753 1167 2798; x_wconf 87' lang='lat' dir='ltr'>de,</span> 
     </span>
     <span class='ocr_line' id='line_1_41' title="bbox 222 2803 1169 2863; baseline -0.005 -12"><span class='ocrx_word' id='word_1_243' title='bbox 222 2822 285 2851; x_wconf 92' lang='lat' dir='ltr'>un</span> <span class='ocrx_word' id='word_1_244' title='bbox 311 2807 491 2863; x_wconf 79' lang='lat' dir='ltr'>gouffre</span> <span class='ocrx_word' id='word_1_245' title='bbox 521 2819 600 2847; x_wconf 90' lang='lat' dir='ltr'>sur</span> <span class='ocrx_word' id='word_1_246' title='bbox 627 2806 671 2848; x_wconf 90' lang='lat' dir='ltr'>la</span> <span class='ocrx_word' id='word_1_247' title='bbox 706 2807 808 2848; x_wconf 77' lang='lat' dir='ltr'>cote</span> <span class='ocrx_word' id='word_1_248' title='bbox 841 2805 899 2847; x_wconf 90' lang='lat' dir='ltr'>de</span> <span class='ocrx_word' id='word_1_249' title='bbox 929 2803 1081 2847; x_wconf 86' lang='lat' dir='ltr'>Sicile.</span> <span class='ocrx_word' id='word_1_250' title='bbox 1122 2808 1169 2846; x_wconf 86' lang='lat' dir='ltr'>V.</span> 
     </span>
     <span class='ocr_line' id='line_1_42' title="bbox 221 2859 1169 2913; baseline -0.004 -10"><span class='ocrx_word' id='word_1_251' title='bbox 221 2863 350 2903; x_wconf 75' lang='grc' dir='ltr'>ΗΟΜ.</span> <span class='ocrx_word' id='word_1_252' title='bbox 387 2859 592 2913; x_wconf 65' lang='lat' dir='ltr'>Odyssde,</span> <span class='ocrx_word' id='word_1_253' title='bbox 626 2859 727 2909; x_wconf 87' lang='lat' dir='ltr'>XII,</span> <span class='ocrx_word' id='word_1_254' title='bbox 765 2861 832 2900; x_wconf 90' lang='lat'>85.</span> <span class='ocrx_word' id='word_1_255' title='bbox 875 2882 920 2889; x_wconf 91' lang='grc'>-</span> <span class='ocrx_word' id='word_1_256' title='bbox 964 2860 1169 2911; x_wconf 75' lang='lat' dir='ltr'>Cyclope.</span> 
     </span>
     <span class='ocr_line' id='line_1_43' title="bbox 222 2910 1171 2968; baseline -0.003 -12"><span class='ocrx_word' id='word_1_257' title='bbox 222 2911 522 2968; x_wconf 73' lang='lat' dir='ltr'>Polypheme.</span> <span class='ocrx_word' id='word_1_258' title='bbox 555 2916 599 2952; x_wconf 91' lang='lat' dir='ltr'>V.</span> <span class='ocrx_word' id='word_1_259' title='bbox 613 2912 741 2953; x_wconf 65' lang='lat' dir='ltr'>Hom.</span> <span class='ocrx_word' id='word_1_260' title='bbox 761 2910 964 2964; x_wconf 77' lang='lat' dir='ltr'>Odysse&#39;e,</span> <span class='ocrx_word' id='word_1_261' title='bbox 985 2912 1059 2964; x_wconf 87' lang='lat' dir='ltr'>IX,</span> <span class='ocrx_word' id='word_1_262' title='bbox 1079 2914 1171 2953; x_wconf 82' lang='grc'>187.</span> 
     </span>
    </p>

    <p class='ocr_par' dir='ltr' id='par_1_24' title="bbox 220 2963 1175 3168">
     <span class='ocr_line' id='line_1_44' title="bbox 274 2963 1172 3019; baseline -0.002 -11"><span class='ocrx_word' id='word_1_263' title='bbox 274 2970 339 3008; x_wconf 86' lang='grc'>79.</span> <span class='ocrx_word' id='word_1_264' title='bbox 364 2965 588 3007; x_wconf 78' lang='lat' dir='ltr'>Redicum.</span> <span class='ocrx_word' id='word_1_265' title='bbox 609 2963 649 3005; x_wconf 93' lang='lat' dir='ltr'>Il</span> <span class='ocrx_word' id='word_1_266' title='bbox 666 2976 697 3018; x_wconf 78' lang='lat' dir='ltr'><strong>y</strong></span> <span class='ocrx_word' id='word_1_267' title='bbox 723 2963 848 3007; x_wconf 86' lang='lat' dir='ltr'>avait</span> <span class='ocrx_word' id='word_1_268' title='bbox 872 2966 956 3007; x_wconf 90' lang='lat' dir='ltr'>des</span> <span class='ocrx_word' id='word_1_269' title='bbox 982 2964 1172 3019; x_wconf 78' lang='lat' dir='ltr'>poemes</span> 
     </span>
     <span class='ocr_line' id='line_1_45' title="bbox 221 3016 1172 3073; baseline -0.004 -12"><span class='ocrx_word' id='word_1_270' title='bbox 221 3032 303 3062; x_wconf 90' lang='lat' dir='ltr'>sur</span> <span class='ocrx_word' id='word_1_271' title='bbox 329 3019 372 3060; x_wconf 90' lang='lat' dir='ltr'>la</span> <span class='ocrx_word' id='word_1_272' title='bbox 401 3030 567 3073; x_wconf 85' lang='lat' dir='ltr'>guerre</span> <span class='ocrx_word' id='word_1_273' title='bbox 595 3016 653 3056; x_wconf 90' lang='grc'>(10</span> <span class='ocrx_word' id='word_1_274' title='bbox 677 3017 830 3068; x_wconf 88' lang='lat' dir='ltr'>Troie‚</span> <span class='ocrx_word' id='word_1_275' title='bbox 860 3018 975 3060; x_wconf 85' lang='lat' dir='ltr'>dont</span> <span class='ocrx_word' id='word_1_276' title='bbox 997 3018 1172 3059; x_wconf 82' lang='lat' dir='ltr'>l’Iliade</span> 
     </span>
     <span class='ocr_line' id='line_1_46' title="bbox 220 3065 1174 3126; baseline -0.005 -11"><span class='ocrx_word' id='word_1_277' title='bbox 220 3073 333 3115; x_wconf 74' lang='lat' dir='ltr'>etait</span> <span class='ocrx_word' id='word_1_278' title='bbox 359 3071 403 3113; x_wconf 91' lang='lat' dir='ltr'>le</span> <span class='ocrx_word' id='word_1_279' title='bbox 430 3069 538 3126; x_wconf 88' lang='lat' dir='ltr'>plus</span> <span class='ocrx_word' id='word_1_280' title='bbox 562 3065 758 3122; x_wconf 72' lang='lat' dir='ltr'>celebre,</span> <span class='ocrx_word' id='word_1_281' title='bbox 788 3077 836 3113; x_wconf 86' lang='lat' dir='ltr'>et</span> <span class='ocrx_word' id='word_1_282' title='bbox 867 3072 952 3114; x_wconf 86' lang='lat' dir='ltr'>des</span> <span class='ocrx_word' id='word_1_283' title='bbox 984 3069 1174 3124; x_wconf 81' lang='lat' dir='ltr'>poemcs</span> 
     </span>
     <span class='ocr_line' id='line_1_47' title="bbox 221 3122 1175 3168; baseline -0.003 0"><span class='ocrx_word' id='word_1_284' title='bbox 221 3138 303 3168; x_wconf 85' lang='lat' dir='ltr'>sur</span> <span class='ocrx_word' id='word_1_285' title='bbox 325 3125 369 3167; x_wconf 91' lang='lat' dir='ltr'>le</span> <span class='ocrx_word' id='word_1_286' title='bbox 385 3130 542 3165; x_wconf 84' lang='lat' dir='ltr'>retour</span> <span class='ocrx_word' id='word_1_287' title='bbox 562 3122 644 3163; x_wconf 87' lang='lat' dir='ltr'>des</span> <span class='ocrx_word' id='word_1_288' title='bbox 659 3122 796 3164; x_wconf 79' lang='lat' dir='ltr'>heros</span> <span class='ocrx_word' id='word_1_289' title='bbox 817 3123 875 3165; x_wconf 89' lang='lat' dir='ltr'>de</span> <span class='ocrx_word' id='word_1_290' title='bbox 892 3130 1012 3166; x_wconf 86' lang='lat' dir='ltr'>cette</span> <span class='ocrx_word' id='word_1_291' title='bbox 1027 3125 1175 3165; x_wconf 78' lang='lat' dir='ltr'>meme</span> 
     </span>
    </p>

    <p class='ocr_par' dir='ltr' id='par_1_25' title="bbox 219 3174 1180 3287">
     <span class='ocr_line' id='line_1_48' title="bbox 288 3174 1177 3230; baseline -0.003 -10"><span class='ocrx_word' id='word_1_292' title='bbox 288 3191 404 3230; x_wconf 84' lang='lat' dir='ltr'>erre,</span> <span class='ocrx_word' id='word_1_293' title='bbox 421 3178 537 3219; x_wconf 86' lang='lat' dir='ltr'>dont</span> <span class='ocrx_word' id='word_1_294' title='bbox 553 3174 780 3229; x_wconf 79' lang='lat' dir='ltr'>l&#39;Odysse&#39;e</span> <span class='ocrx_word' id='word_1_295' title='bbox 799 3176 912 3219; x_wconf 78' lang='lat' dir='ltr'>etait</span> <span class='ocrx_word' id='word_1_296' title='bbox 938 3177 994 3218; x_wconf 89' lang='lat' dir='ltr'>de</span> <span class='ocrx_word' id='word_1_297' title='bbox 1027 3178 1177 3218; x_wconf 73' lang='lat' dir='ltr'>meme</span> 
     </span>
     <span class='ocr_line' id='line_1_49' title="bbox 219 3191 1180 3287; baseline -0.004 -13"><span class='ocrx_word' id='word_1_298' title='bbox 219 3191 284 3275; x_wconf 63' lang='lat' dir='ltr'>feu</span> <span class='ocrx_word' id='word_1_299' title='bbox 296 3231 404 3287; x_wconf 87' lang='lat' dir='ltr'>plus</span> <span class='ocrx_word' id='word_1_300' title='bbox 431 3230 629 3271; x_wconf 85' lang='lat' dir='ltr'>fameux.</span> <span class='ocrx_word' id='word_1_301' title='bbox 660 3228 748 3272; x_wconf 90' lang='lat' dir='ltr'>Ces</span> <span class='ocrx_word' id='word_1_302' title='bbox 782 3228 972 3284; x_wconf 80' lang='lat' dir='ltr'>poemes</span> <span class='ocrx_word' id='word_1_303' title='bbox 1008 3229 1180 3271; x_wconf 77' lang='lat' dir='ltr'>etaient</span> 
     </span>
    </p>
   </div>
   <div class='ocr_carea' id='block_1_16' title="bbox 220 3281 1180 3607">
    <p class='ocr_par' dir='ltr' id='par_1_26' title="bbox 220 3281 1180 3607">
     <span class='ocr_line' id='line_1_50' title="bbox 220 3281 1180 3348; baseline -0.002 -15"><span class='ocrx_word' id='word_1_304' title='bbox 220 3292 411 3348; x_wconf 77' lang='lat' dir='ltr'>appeles</span> <span class='ocrx_word' id='word_1_305' title='bbox 439 3281 627 3341; x_wconf 83' lang='grc' dir='ltr'><strong>νόστοι,</strong></span> <span class='ocrx_word' id='word_1_306' title='bbox 641 3291 827 3338; x_wconf 78' lang='lat' dir='ltr'>reditus,</span> <span class='ocrx_word' id='word_1_307' title='bbox 846 3297 1044 3333; x_wconf 86' lang='lat' dir='ltr'>retourS.</span> <span class='ocrx_word' id='word_1_308' title='bbox 1057 3290 1180 3332; x_wconf 80' lang='lat' dir='ltr'>Anti-</span> 
     </span>
     <span class='ocr_line' id='line_1_51' title="bbox 222 3342 1178 3398; baseline -0.002 -12"><span class='ocrx_word' id='word_1_309' title='bbox 222 3358 402 3398; x_wconf 86' lang='lat' dir='ltr'>maque,</span> <span class='ocrx_word' id='word_1_310' title='bbox 420 3350 578 3385; x_wconf 80' lang='lat' dir='ltr'>contre</span> <span class='ocrx_word' id='word_1_311' title='bbox 604 3342 683 3397; x_wconf 86' lang='lat' dir='ltr'>qui</span> <span class='ocrx_word' id='word_1_312' title='bbox 708 3344 883 3385; x_wconf 83' lang='lat' dir='ltr'>Horace</span> <span class='ocrx_word' id='word_1_313' title='bbox 899 3345 1049 3398; x_wconf 77' lang='lat' dir='ltr'>parait</span> <span class='ocrx_word' id='word_1_314' title='bbox 1067 3343 1178 3384; x_wconf 89' lang='lat' dir='ltr'>diri-</span> 
     </span>
     <span class='ocr_line' id='line_1_52' title="bbox 258 3395 1177 3450; baseline 0 -13"><span class='ocrx_word' id='word_1_315' title='bbox 258 3411 308 3438; x_wconf 90' lang='lat' dir='ltr'>er</span> <span class='ocrx_word' id='word_1_316' title='bbox 336 3397 396 3438; x_wconf 89' lang='lat' dir='ltr'>ici</span> <span class='ocrx_word' id='word_1_317' title='bbox 413 3410 473 3438; x_wconf 89' lang='lat' dir='ltr'>un</span> <span class='ocrx_word' id='word_1_318' title='bbox 493 3397 604 3438; x_wconf 85' lang='lat' dir='ltr'>trait</span> <span class='ocrx_word' id='word_1_319' title='bbox 623 3397 680 3437; x_wconf 91' lang='lat' dir='ltr'>de</span> <span class='ocrx_word' id='word_1_320' title='bbox 715 3395 871 3447; x_wconf 87' lang='lat' dir='ltr'>satire,</span> <span class='ocrx_word' id='word_1_321' title='bbox 902 3395 1070 3438; x_wconf 86' lang='lat' dir='ltr'>n&#39;avait</span> <span class='ocrx_word' id='word_1_322' title='bbox 1094 3409 1177 3450; x_wconf 88' lang='lat' dir='ltr'>pas</span> 
     </span>
     <span class='ocr_line' id='line_1_53' title="bbox 241 3448 1176 3505; baseline 0.001 -15"><span class='ocrx_word' id='word_1_323' title='bbox 241 3450 306 3491; x_wconf 85' lang='lat' dir='ltr'>ait</span> <span class='ocrx_word' id='word_1_324' title='bbox 317 3450 373 3491; x_wconf 90' lang='lat' dir='ltr'>de</span> <span class='ocrx_word' id='word_1_325' title='bbox 382 3448 547 3505; x_wconf 80' lang='lat' dir='ltr'>poeme</span> <span class='ocrx_word' id='word_1_326' title='bbox 559 3449 859 3491; x_wconf 89' lang='lat' dir='ltr'>surleretour</span> <span class='ocrx_word' id='word_1_327' title='bbox 869 3449 926 3490; x_wconf 92' lang='grc'>(10</span> <span class='ocrx_word' id='word_1_328' title='bbox 939 3448 1176 3500; x_wconf 79' lang='lat' dir='ltr'>Diomede,</span> 
     </span>
     <span class='ocr_line' id='line_1_54' title="bbox 222 3499 1180 3564; baseline 0.001 -22"><span class='ocrx_word' id='word_1_329' title='bbox 222 3502 305 3555; x_wconf 89' lang='lat' dir='ltr'>qui</span> <span class='ocrx_word' id='word_1_330' title='bbox 315 3499 451 3556; x_wconf 81' lang='lat' dir='ltr'>apres</span> <span class='ocrx_word' id='word_1_331' title='bbox 468 3501 510 3543; x_wconf 88' lang='lat' dir='ltr'>la</span> <span class='ocrx_word' id='word_1_332' title='bbox 525 3514 692 3564; x_wconf 80' lang='lat' dir='ltr'>guerre</span> <span class='ocrx_word' id='word_1_333' title='bbox 710 3502 768 3542; x_wconf 92' lang='lat' dir='ltr'>de</span> <span class='ocrx_word' id='word_1_334' title='bbox 790 3500 928 3542; x_wconf 83' lang='lat' dir='ltr'>Troie</span> <span class='ocrx_word' id='word_1_335' title='bbox 942 3500 1029 3542; x_wconf 88' lang='lat' dir='ltr'>alla</span> <span class='ocrx_word' id='word_1_336' title='bbox 1049 3502 1180 3543; x_wconf 74' lang='lat' dir='ltr'>s&#39;eta-</span> 
     </span>
     <span class='ocr_line' id='line_1_55' title="bbox 221 3554 1179 3607; baseline 0 -11"><span class='ocrx_word' id='word_1_337' title='bbox 221 3554 317 3596; x_wconf 83' lang='lat' dir='ltr'>blir</span> <span class='ocrx_word' id='word_1_338' title='bbox 331 3568 389 3596; x_wconf 92' lang='lat' dir='ltr'>en</span> <span class='ocrx_word' id='word_1_339' title='bbox 407 3556 581 3597; x_wconf 87' lang='lat' dir='ltr'>Daume</span> <span class='ocrx_word' id='word_1_340' title='bbox 603 3554 705 3605; x_wconf 87' lang='lat' dir='ltr'>(od.</span> <span class='ocrx_word' id='word_1_341' title='bbox 729 3555 809 3607; x_wconf 88' lang='lat'>111,</span> <span class='ocrx_word' id='word_1_342' title='bbox 827 3565 953 3602; x_wconf 77' lang='lat' dir='ltr'>xxtv,</span> <span class='ocrx_word' id='word_1_343' title='bbox 987 3557 1052 3604; x_wconf 87' lang='lat'>11,</span> <span class='ocrx_word' id='word_1_344' title='bbox 1070 3560 1179 3596; x_wconf 87' lang='lat' dir='ltr'>note</span> 
     </span>
    </p>
   </div>
   <div class='ocr_carea' id='block_1_17' title="bbox 221 3606 1174 3660">
    <p class='ocr_par' dir='ltr' id='par_1_27' title="bbox 221 3606 1174 3660">
     <span class='ocr_line' id='line_1_56' title="bbox 221 3606 1174 3660; baseline -0.002 -10"><span class='ocrx_word' id='word_1_345' title='bbox 221 3609 262 3659; x_wconf 84' lang='lat'>8)</span> <span class='ocrx_word' id='word_1_346' title='bbox 279 3623 295 3660; x_wconf 76' lang='lat'>5</span> <span class='ocrx_word' id='word_1_347' title='bbox 323 3607 440 3650; x_wconf 85' lang='lat' dir='ltr'>mais</span> <span class='ocrx_word' id='word_1_348' title='bbox 457 3606 494 3651; x_wconf 80' lang='lat' dir='ltr'>il</span> <span class='ocrx_word' id='word_1_349' title='bbox 514 3607 637 3650; x_wconf 86' lang='lat' dir='ltr'>avait</span> <span class='ocrx_word' id='word_1_350' title='bbox 663 3607 780 3648; x_wconf 76' lang='lat' dir='ltr'>ecrit</span> <span class='ocrx_word' id='word_1_351' title='bbox 817 3619 904 3648; x_wconf 89' lang='lat' dir='ltr'>uno</span> <span class='ocrx_word' id='word_1_352' title='bbox 938 3606 1174 3654; x_wconf 77' lang='lat' dir='ltr'>The&#39;bat&#39;de,</span> 
     </span>
    </p>
   </div>
   <div class='ocr_carea' id='block_1_18' title="bbox 2061 1685 2173 1742">
    <p class='ocr_par' dir='ltr' id='par_1_28' title="bbox 2061 1685 2173 1742">
     <span class='ocr_line' id='line_1_57' title="bbox 2061 1685 2173 1742; baseline 0.009 -1"><span class='ocrx_word' id='word_1_353' title='bbox 2061 1685 2173 1742; x_wconf 87' lang='lat'>155</span> 
     </span>
    </p>
   </div>
   <div class='ocr_carea' id='block_1_19' title="bbox 1217 1837 2181 3060">
    <p class='ocr_par' dir='ltr' id='par_1_29' title="bbox 1217 1837 2176 2263">
     <span class='ocr_line' id='line_1_58' title="bbox 1221 1837 2176 1895; baseline 0.003 -16"><span class='ocrx_word' id='word_1_354' title='bbox 1221 1838 1281 1879; x_wconf 79' lang='grc' dir='ltr'>οὺ</span> <span class='ocrx_word' id='word_1_355' title='bbox 1301 1837 1490 1892; x_wconf 85' lang='lat' dir='ltr'>figurait</span> <span class='ocrx_word' id='word_1_356' title='bbox 1515 1837 1908 1882; x_wconf 76' lang='lat' dir='ltr'>necessairement</span> <span class='ocrx_word' id='word_1_357' title='bbox 1925 1840 2084 1895; x_wconf 74' lang='lat' dir='ltr'>Tydee</span> <span class='ocrx_word' id='word_1_358' title='bbox 2097 1872 2107 1891; x_wconf 92' lang='lat'>‚</span> <span class='ocrx_word' id='word_1_359' title='bbox 2128 1845 2176 1883; x_wconf 76' lang='lat' dir='ltr'>et</span> 
     </span>
     <span class='ocr_line' id='line_1_59' title="bbox 1221 1892 2176 1944; baseline 0.004 -14"><span class='ocrx_word' id='word_1_360' title='bbox 1221 1892 1485 1931; x_wconf 79' lang='lat' dir='ltr'>commence</span> <span class='ocrx_word' id='word_1_361' title='bbox 1503 1903 1560 1944; x_wconf 91' lang='lat' dir='ltr'>ap</span> <span class='ocrx_word' id='word_1_362' title='bbox 1597 1897 1853 1933; x_wconf 89' lang='lat' dir='ltr'>aremment</span> <span class='ocrx_word' id='word_1_363' title='bbox 1880 1904 1968 1934; x_wconf 83' lang='lat' dir='ltr'>son</span> <span class='ocrx_word' id='word_1_364' title='bbox 1998 1892 2114 1934; x_wconf 79' lang='lat' dir='ltr'>recit</span> <span class='ocrx_word' id='word_1_365' title='bbox 2149 1894 2176 1934; x_wconf 70' lang='grc' dir='ltr'>ὲ</span> 
     </span>
     <span class='ocr_line' id='line_1_60' title="bbox 1222 1942 2174 1999; baseline 0.004 -16"><span class='ocrx_word' id='word_1_366' title='bbox 1222 1942 1265 1982; x_wconf 84' lang='grc'>10</span> <span class='ocrx_word' id='word_1_367' title='bbox 1283 1947 1408 1985; x_wconf 89' lang='lat' dir='ltr'>mort</span> <span class='ocrx_word' id='word_1_368' title='bbox 1426 1944 1484 1984; x_wconf 92' lang='lat' dir='ltr'>de</span> <span class='ocrx_word' id='word_1_369' title='bbox 1512 1943 1558 1985; x_wconf 84' lang='lat' dir='ltr'>M</span> <span class='ocrx_word' id='word_1_370' title='bbox 1587 1943 1657 1984; x_wconf 77' lang='lat' dir='ltr'>lea</span> <span class='ocrx_word' id='word_1_371' title='bbox 1695 1956 1759 1995; x_wconf 90' lang='lat' dir='ltr'>re,</span> <span class='ocrx_word' id='word_1_372' title='bbox 1784 1957 1876 1998; x_wconf 89' lang='lat' dir='ltr'>que</span> <span class='ocrx_word' id='word_1_373' title='bbox 1898 1945 2057 1999; x_wconf 78' lang='lat' dir='ltr'>Tydeo</span> <span class='ocrx_word' id='word_1_374' title='bbox 2087 1958 2174 1988; x_wconf 89' lang='lat' dir='ltr'>son</span> 
     </span>
     <span class='ocr_line' id='line_1_61' title="bbox 1220 1994 2175 2053; baseline 0.003 -17"><span class='ocrx_word' id='word_1_375' title='bbox 1220 1994 1343 2036; x_wconf 77' lang='lat' dir='ltr'>frere</span> <span class='ocrx_word' id='word_1_376' title='bbox 1374 1995 1498 2038; x_wconf 82' lang='lat' dir='ltr'>avait</span> <span class='ocrx_word' id='word_1_377' title='bbox 1524 1997 1618 2039; x_wconf 83' lang='lat' dir='ltr'>tue&#39;.</span> <span class='ocrx_word' id='word_1_378' title='bbox 1690 2009 1823 2039; x_wconf 87' lang='lat' dir='ltr'>orace</span> <span class='ocrx_word' id='word_1_379' title='bbox 1851 2003 2016 2040; x_wconf 83' lang='lat' dir='ltr'>trouve</span> <span class='ocrx_word' id='word_1_380' title='bbox 2048 1997 2175 2053; x_wconf 88' lang='lat' dir='ltr'>plai-</span> 
     </span>
     <span class='ocr_line' id='line_1_62' title="bbox 1222 2048 2176 2105; baseline 0.003 -14"><span class='ocrx_word' id='word_1_381' title='bbox 1222 2053 1328 2091; x_wconf 86' lang='lat' dir='ltr'>sant</span> <span class='ocrx_word' id='word_1_382' title='bbox 1348 2048 1405 2091; x_wconf 89' lang='lat' dir='ltr'>de</span> <span class='ocrx_word' id='word_1_383' title='bbox 1423 2061 1655 2105; x_wconf 86' lang='lat' dir='ltr'>supposer</span> <span class='ocrx_word' id='word_1_384' title='bbox 1683 2049 1816 2104; x_wconf 90' lang='lat' dir='ltr'>qu’en</span> <span class='ocrx_word' id='word_1_385' title='bbox 1840 2055 2079 2094; x_wconf 86' lang='lat' dir='ltr'>racontant</span> <span class='ocrx_word' id='word_1_386' title='bbox 2102 2051 2176 2094; x_wconf 87' lang='lat' dir='ltr'>les</span> 
     </span>
     <span class='ocr_line' id='line_1_63' title="bbox 1222 2102 2175 2159; baseline 0.005 -17"><span class='ocrx_word' id='word_1_387' title='bbox 1222 2102 1433 2144; x_wconf 86' lang='lat' dir='ltr'>derniers</span> <span class='ocrx_word' id='word_1_388' title='bbox 1448 2103 1556 2145; x_wconf 82' lang='lat' dir='ltr'>faits</span> <span class='ocrx_word' id='word_1_389' title='bbox 1576 2109 1623 2145; x_wconf 85' lang='lat' dir='ltr'>et</span> <span class='ocrx_word' id='word_1_390' title='bbox 1641 2108 1801 2158; x_wconf 82' lang='lat' dir='ltr'>gestes</span> <span class='ocrx_word' id='word_1_391' title='bbox 1817 2105 1879 2145; x_wconf 88' lang='lat' dir='ltr'>du</span> <span class='ocrx_word' id='word_1_392' title='bbox 1894 2104 1971 2145; x_wconf 86' lang='lat' dir='ltr'>fils</span> <span class='ocrx_word' id='word_1_393' title='bbox 1993 2105 2051 2146; x_wconf 90' lang='grc'>(10</span> <span class='ocrx_word' id='word_1_394' title='bbox 2074 2105 2175 2159; x_wconf 84' lang='lat' dir='ltr'>Ty-</span> 
     </span>
     <span class='ocr_line' id='line_1_64' title="bbox 1220 2155 2176 2212; baseline 0.005 -17"><span class='ocrx_word' id='word_1_395' title='bbox 1220 2155 1306 2196; x_wconf 83' lang='lat' dir='ltr'>dee</span> <span class='ocrx_word' id='word_1_396' title='bbox 1325 2167 1387 2196; x_wconf 88' lang='lat' dir='ltr'>on</span> <span class='ocrx_word' id='word_1_397' title='bbox 1413 2156 1573 2210; x_wconf 89' lang='lat' dir='ltr'>puisse</span> <span class='ocrx_word' id='word_1_398' title='bbox 1602 2156 1752 2211; x_wconf 73' lang='lat' dir='ltr'>partit·</span> <span class='ocrx_word' id='word_1_399' title='bbox 1780 2157 1843 2198; x_wconf 88' lang='lat' dir='ltr'>du</span> <span class='ocrx_word' id='word_1_400' title='bbox 1871 2159 2021 2200; x_wconf 77' lang='lat' dir='ltr'>meme</span> <span class='ocrx_word' id='word_1_401' title='bbox 2039 2157 2176 2212; x_wconf 86' lang='lat' dir='ltr'>point</span> 
     </span>
     <span class='ocr_line' id='line_1_65' title="bbox 1217 2206 1628 2263; baseline 0.005 -14"><span class='ocrx_word' id='word_1_402' title='bbox 1217 2206 1588 2263; x_wconf 83' lang='lat' dir='ltr'>qu’Antimaque.</span> <span class='ocrx_word' id='word_1_403' title='bbox 1615 2217 1628 2230; x_wconf 90' lang='grc'><em>·</em></span> 
     </span>
    </p>

    <p class='ocr_par' dir='ltr' id='par_1_30' title="bbox 1224 2269 2177 2366">
     <span class='ocr_line' id='line_1_66' title="bbox 1274 2269 2177 2314; baseline 0.006 -5"><span class='ocrx_word' id='word_1_404' title='bbox 1274 2271 1340 2310; x_wconf 89' lang='grc' dir='ltr'>8ο.</span> <span class='ocrx_word' id='word_1_405' title='bbox 1390 2272 1570 2310; x_wconf 77' lang='lat' dir='ltr'>Gemino</span> <span class='ocrx_word' id='word_1_406' title='bbox 1604 2269 1664 2311; x_wconf 85' lang='lat' dir='ltr'>ab</span> <span class='ocrx_word' id='word_1_407' title='bbox 1701 2283 1796 2312; x_wconf 75' lang='lat' dir='ltr'>ovo.</span> <span class='ocrx_word' id='word_1_408' title='bbox 1834 2271 1924 2313; x_wconf 82' lang='lat' dir='ltr'>Les</span> <span class='ocrx_word' id='word_1_409' title='bbox 1959 2271 2076 2314; x_wconf 82' lang='lat' dir='ltr'>oeufs</span> <span class='ocrx_word' id='word_1_410' title='bbox 2119 2271 2177 2314; x_wconf 87' lang='lat' dir='ltr'>de</span> 
     </span>
     <span class='ocr_line' id='line_1_67' title="bbox 1224 2322 1815 2366; baseline 0.005 -3"><span class='ocrx_word' id='word_1_411' title='bbox 1224 2322 1349 2363; x_wconf 82' lang='lat' dir='ltr'>Leda</span> <span class='ocrx_word' id='word_1_412' title='bbox 1368 2329 1476 2364; x_wconf 86' lang='lat' dir='ltr'>sont</span> <span class='ocrx_word' id='word_1_413' title='bbox 1494 2323 1604 2364; x_wconf 88' lang='lat' dir='ltr'>bien</span> <span class='ocrx_word' id='word_1_414' title='bbox 1622 2335 1815 2366; x_wconf 87' lang='lat' dir='ltr'>connus.</span> 
     </span>
    </p>

    <p class='ocr_par' dir='ltr' id='par_1_31' title="bbox 1225 2375 2179 2785">
     <span class='ocr_line' id='line_1_68' title="bbox 1280 2375 2178 2423; baseline 0.004 -9"><span class='ocrx_word' id='word_1_415' title='bbox 1280 2377 1348 2415; x_wconf 90' lang='lat'>81.</span> <span class='ocrx_word' id='word_1_416' title='bbox 1377 2377 1608 2423; x_wconf 74' lang='lat' dir='ltr'>Eventum,</span> <span class='ocrx_word' id='word_1_417' title='bbox 1632 2375 1675 2417; x_wconf 93' lang='lat' dir='ltr'>le</span> <span class='ocrx_word' id='word_1_418' title='bbox 1696 2375 2020 2419; x_wconf 76' lang='lat' dir='ltr'>deuouement.</span> <span class='ocrx_word' id='word_1_419' title='bbox 2048 2399 2101 2409; x_wconf 91' lang='lat'>—</span> <span class='ocrx_word' id='word_1_420' title='bbox 2123 2380 2178 2418; x_wconf 83' lang='lat' dir='ltr'>In</span> 
     </span>
     <span class='ocr_line' id='line_1_69' title="bbox 1228 2427 2176 2477; baseline 0.004 -10"><span class='ocrx_word' id='word_1_421' title='bbox 1228 2428 1403 2468; x_wconf 78' lang='lat' dir='ltr'>medias</span> <span class='ocrx_word' id='word_1_422' title='bbox 1417 2440 1503 2477; x_wconf 79' lang='lat' dir='ltr'>res,</span> <span class='ocrx_word' id='word_1_423' title='bbox 1517 2440 1574 2469; x_wconf 88' lang='lat' dir='ltr'>au</span> <span class='ocrx_word' id='word_1_424' title='bbox 1585 2427 1745 2470; x_wconf 88' lang='lat' dir='ltr'>milieu</span> <span class='ocrx_word' id='word_1_425' title='bbox 1760 2430 1843 2471; x_wconf 88' lang='lat' dir='ltr'>des</span> <span class='ocrx_word' id='word_1_426' title='bbox 1859 2431 2176 2472; x_wconf 80' lang='lat' dir='ltr'>evenemente.</span> 
     </span>
     <span class='ocr_line' id='line_1_70' title="bbox 1227 2479 2176 2537; baseline 0.003 -17"><span class='ocrx_word' id='word_1_427' title='bbox 1227 2480 1360 2521; x_wconf 82' lang='lat' dir='ltr'>Ainsi</span> <span class='ocrx_word' id='word_1_428' title='bbox 1377 2479 1605 2534; x_wconf 76' lang='lat' dir='ltr'>l&#39;Odysse‘e</span> <span class='ocrx_word' id='word_1_429' title='bbox 1628 2493 1892 2524; x_wconf 78' lang='lat' dir='ltr'>commoneo</span> <span class='ocrx_word' id='word_1_430' title='bbox 1913 2495 1999 2537; x_wconf 87' lang='lat' dir='ltr'>par</span> <span class='ocrx_word' id='word_1_431' title='bbox 2020 2482 2065 2524; x_wconf 90' lang='grc'>10</span> <span class='ocrx_word' id='word_1_432' title='bbox 2080 2481 2176 2523; x_wconf 74' lang='grc'>1111-</span> 
     </span>
     <span class='ocr_line' id='line_1_71' title="bbox 1226 2531 2179 2586; baseline 0.002 -13"><span class='ocrx_word' id='word_1_433' title='bbox 1226 2532 1319 2573; x_wconf 89' lang='lat' dir='ltr'>lieu</span> <span class='ocrx_word' id='word_1_434' title='bbox 1339 2534 1424 2575; x_wconf 89' lang='lat' dir='ltr'>des</span> <span class='ocrx_word' id='word_1_435' title='bbox 1443 2539 1688 2576; x_wconf 79' lang='lat' dir='ltr'>aventures</span> <span class='ocrx_word' id='word_1_436' title='bbox 1711 2534 1816 2578; x_wconf 90' lang='lat' dir='ltr'>d&#39;Ul</span> <span class='ocrx_word' id='word_1_437' title='bbox 1851 2547 1928 2577; x_wconf 85' lang='lat' dir='ltr'>sse</span> <span class='ocrx_word' id='word_1_438' title='bbox 1939 2549 1953 2586; x_wconf 81' lang='lat'>3</span> <span class='ocrx_word' id='word_1_439' title='bbox 1978 2531 2179 2576; x_wconf 76' lang='lat' dir='ltr'>Homere</span> 
     </span>
     <span class='ocr_line' id='line_1_72' title="bbox 1225 2586 2178 2641; baseline 0.002 -14"><span class='ocrx_word' id='word_1_440' title='bbox 1225 2591 1391 2628; x_wconf 83' lang='lat' dir='ltr'>trouve</span> <span class='ocrx_word' id='word_1_441' title='bbox 1406 2598 1574 2641; x_wconf 83' lang='lat' dir='ltr'>moyen</span> <span class='ocrx_word' id='word_1_442' title='bbox 1588 2587 1645 2628; x_wconf 92' lang='lat' dir='ltr'>de</span> <span class='ocrx_word' id='word_1_443' title='bbox 1662 2586 1819 2641; x_wconf 85' lang='lat' dir='ltr'>placer</span> <span class='ocrx_word' id='word_1_444' title='bbox 1848 2601 1872 2629; x_wconf 91' lang='lat' dir='ltr'>e</span> <span class='ocrx_word' id='word_1_445' title='bbox 1886 2599 2178 2629; x_wconf 86' lang='lat' dir='ltr'>commence-</span> 
     </span>
     <span class='ocr_line' id='line_1_73' title="bbox 1226 2638 2174 2695; baseline 0.002 -16"><span class='ocrx_word' id='word_1_446' title='bbox 1226 2644 1356 2680; x_wconf 87' lang='lat' dir='ltr'>ment</span> <span class='ocrx_word' id='word_1_447' title='bbox 1380 2639 1496 2681; x_wconf 85' lang='lat' dir='ltr'>dans</span> <span class='ocrx_word' id='word_1_448' title='bbox 1521 2652 1582 2680; x_wconf 93' lang='lat' dir='ltr'>un</span> <span class='ocrx_word' id='word_1_449' title='bbox 1609 2639 1726 2682; x_wconf 78' lang='lat' dir='ltr'>recit</span> <span class='ocrx_word' id='word_1_450' title='bbox 1749 2652 1839 2693; x_wconf 87' lang='lat' dir='ltr'>que</span> <span class='ocrx_word' id='word_1_451' title='bbox 1870 2638 1955 2682; x_wconf 84' lang='lat' dir='ltr'>fait</span> <span class='ocrx_word' id='word_1_452' title='bbox 1985 2640 2174 2695; x_wconf 84' lang='lat' dir='ltr'>Ulysse.</span> 
     </span>
     <span class='ocr_line' id='line_1_74' title="bbox 1228 2690 2178 2748; baseline 0.003 -18"><span class='ocrx_word' id='word_1_453' title='bbox 1228 2690 1406 2745; x_wconf 83' lang='lat' dir='ltr'>Virgile</span> <span class='ocrx_word' id='word_1_454' title='bbox 1439 2704 1465 2731; x_wconf 91' lang='lat' dir='ltr'>a</span> <span class='ocrx_word' id='word_1_455' title='bbox 1495 2691 1617 2733; x_wconf 84' lang='lat' dir='ltr'>snivi</span> <span class='ocrx_word' id='word_1_456' title='bbox 1648 2692 1691 2733; x_wconf 92' lang='lat' dir='ltr'>le</span> <span class='ocrx_word' id='word_1_457' title='bbox 1727 2694 1878 2734; x_wconf 75' lang='lat' dir='ltr'>meme</span> <span class='ocrx_word' id='word_1_458' title='bbox 1908 2691 2021 2748; x_wconf 89' lang='lat' dir='ltr'>plan</span> <span class='ocrx_word' id='word_1_459' title='bbox 2059 2692 2178 2734; x_wconf 84' lang='grc'>(10115</span> 
     </span>
     <span class='ocr_line' id='line_1_75' title="bbox 1225 2743 1437 2785; baseline -0.005 0"><span class='ocrx_word' id='word_1_460' title='bbox 1225 2743 1437 2785; x_wconf 77' lang='lat' dir='ltr'>l’Ene&#39;ide.</span> 
     </span>
    </p>

    <p class='ocr_par' dir='ltr' id='par_1_32' title="bbox 1224 2803 2181 3060">
     <span class='ocr_line' id='line_1_76' title="bbox 1278 2803 2180 2855; baseline 0.002 -9"><span class='ocrx_word' id='word_1_461' title='bbox 1278 2808 1344 2847; x_wconf 83' lang='lat'>82.</span> <span class='ocrx_word' id='word_1_462' title='bbox 1389 2808 1625 2855; x_wconf 70' lang='lat' dir='ltr'>Mentitur,</span> <span class='ocrx_word' id='word_1_463' title='bbox 1665 2805 1796 2848; x_wconf 75' lang='lat' dir='ltr'>seint.</span> <span class='ocrx_word' id='word_1_464' title='bbox 1825 2828 1878 2838; x_wconf 91' lang='lat'>-</span> <span class='ocrx_word' id='word_1_465' title='bbox 1911 2803 2000 2849; x_wconf 90' lang='lat' dir='ltr'>Sur</span> <span class='ocrx_word' id='word_1_466' title='bbox 2029 2807 2101 2846; x_wconf 79' lang='lat' dir='ltr'>ica</span> <span class='ocrx_word' id='word_1_467' title='bbox 2132 2811 2180 2848; x_wconf 83' lang='lat' dir='ltr'>ct</span> 
     </span>
     <span class='ocr_line' id='line_1_77' title="bbox 1224 2858 2180 2953; baseline 0.001 -54"><span class='ocrx_word' id='word_1_468' title='bbox 1224 2859 1291 2900; x_wconf 78' lang='lat' dir='ltr'>sic</span> <span class='ocrx_word' id='word_1_469' title='bbox 1309 2858 1458 2900; x_wconf 78' lang='lat' dir='ltr'>suiviS</span> <span class='ocrx_word' id='word_1_470' title='bbox 1486 2859 1543 2900; x_wconf 93' lang='lat' dir='ltr'>de</span> <span class='ocrx_word' id='word_1_471' title='bbox 1563 2871 1617 2900; x_wconf 80' lang='lat' dir='ltr'>ne</span> <span class='ocrx_word' id='word_1_472' title='bbox 1633 2859 1766 2953; x_wconf 52' lang='grc' dir='ltr'>ὅτ--ιιε</span> <span class='ocrx_word' id='word_1_473' title='bbox 1785 2861 1911 2910; x_wconf 85' lang='lat' dir='ltr'>non),</span> <span class='ocrx_word' id='word_1_474' title='bbox 1937 2871 2038 2901; x_wconf 89' lang='lat' dir='ltr'>com</span> <span class='ocrx_word' id='word_1_475' title='bbox 2076 2871 2180 2900; x_wconf 86' lang='lat' dir='ltr'>arez</span> 
     </span>
     <span class='ocr_line' id='line_1_78' title="bbox 1226 2910 2181 2965; baseline 0 -13"><span class='ocrx_word' id='word_1_476' title='bbox 1226 2912 1354 2965; x_wconf 83' lang='lat' dir='ltr'>Epit.</span> <span class='ocrx_word' id='word_1_477' title='bbox 1375 2911 1409 2963; x_wconf 92' lang='lat'>1,</span> <span class='ocrx_word' id='word_1_478' title='bbox 1431 2922 1526 2963; x_wconf 81' lang='lat' dir='ltr'>xw,</span> <span class='ocrx_word' id='word_1_479' title='bbox 1545 2913 1613 2953; x_wconf 82' lang='lat'>12.</span> <span class='ocrx_word' id='word_1_480' title='bbox 1674 2924 1706 2953; x_wconf 89' lang='lat' dir='ltr'>n</span> <span class='ocrx_word' id='word_1_481' title='bbox 1722 2910 1779 2952; x_wconf 86' lang='lat' dir='ltr'>lit</span> <span class='ocrx_word' id='word_1_482' title='bbox 1799 2912 1916 2953; x_wconf 88' lang='lat' dir='ltr'>dans</span> <span class='ocrx_word' id='word_1_483' title='bbox 1936 2924 2025 2953; x_wconf 90' lang='lat' dir='ltr'>une</span> <span class='ocrx_word' id='word_1_484' title='bbox 2061 2917 2181 2954; x_wconf 84' lang='lat' dir='ltr'>ettre</span> 
     </span>
     <span class='ocr_line' id='line_1_79' title="bbox 1228 2963 2179 3019; baseline -0.001 -13"><span class='ocrx_word' id='word_1_485' title='bbox 1228 2966 1286 3006; x_wconf 92' lang='lat' dir='ltr'>de</span> <span class='ocrx_word' id='word_1_486' title='bbox 1320 2963 1539 3006; x_wconf 80' lang='lat' dir='ltr'>Ciceron:</span> <span class='ocrx_word' id='word_1_487' title='bbox 1571 2965 1639 3006; x_wconf 89' lang='lat' dir='ltr'>Ita</span> <span class='ocrx_word' id='word_1_488' title='bbox 1673 2965 1882 3019; x_wconf 74' lang='lat' dir='ltr'>corrigas</span> <span class='ocrx_word' id='word_1_489' title='bbox 1916 2965 2087 3007; x_wconf 79' lang='lat' dir='ltr'>librum</span> <span class='ocrx_word' id='word_1_490' title='bbox 2120 2977 2179 3007; x_wconf 90' lang='lat' dir='ltr'>ne</span> 
     </span>
     <span class='ocr_line' id='line_1_80' title="bbox 1226 3017 1536 3060; baseline 0 -1"><span class='ocrx_word' id='word_1_491' title='bbox 1226 3017 1344 3059; x_wconf 75' lang='lat' dir='ltr'>mihi</span> <span class='ocrx_word' id='word_1_492' title='bbox 1360 3023 1536 3060; x_wconf 74' lang='lat' dir='ltr'>noceat.</span> 
     </span>
    </p>
   </div>
   <div class='ocr_carea' id='block_1_20' title="bbox 1231 3078 2181 3660">
    <p class='ocr_par' dir='ltr' id='par_1_33' title="bbox 1231 3078 2180 3292">
     <span class='ocr_line' id='line_1_81' title="bbox 1280 3078 2180 3141; baseline -0.001 -21"><span class='ocrx_word' id='word_1_493' title='bbox 1280 3080 1349 3121; x_wconf 85' lang='grc'>83.</span> <span class='ocrx_word' id='word_1_494' title='bbox 1374 3081 1437 3120; x_wconf 84' lang='lat' dir='ltr'>Tu</span> <span class='ocrx_word' id='word_1_495' title='bbox 1449 3080 1561 3141; x_wconf 76' lang='lat' dir='ltr'>quid</span> <span class='ocrx_word' id='word_1_496' title='bbox 1576 3091 1672 3131; x_wconf 82' lang='lat' dir='ltr'>ego.</span> <span class='ocrx_word' id='word_1_497' title='bbox 1691 3078 1869 3121; x_wconf 86' lang='lat' dir='ltr'>Horace</span> <span class='ocrx_word' id='word_1_498' title='bbox 1889 3091 2180 3121; x_wconf 86' lang='lat' dir='ltr'>recomman-</span> 
     </span>
     <span class='ocr_line' id='line_1_82' title="bbox 1231 3130 2180 3186; baseline -0.002 -13"><span class='ocrx_word' id='word_1_499' title='bbox 1231 3132 1289 3173; x_wconf 90' lang='lat' dir='ltr'>de</span> <span class='ocrx_word' id='word_1_500' title='bbox 1307 3144 1365 3173; x_wconf 89' lang='lat' dir='ltr'>au</span> <span class='ocrx_word' id='word_1_501' title='bbox 1385 3139 1521 3186; x_wconf 85' lang='lat' dir='ltr'>poete</span> <span class='ocrx_word' id='word_1_502' title='bbox 1544 3130 1831 3185; x_wconf 85' lang='lat' dir='ltr'>dramatique</span> <span class='ocrx_word' id='word_1_503' title='bbox 1849 3131 2180 3174; x_wconf 82' lang='lat' dir='ltr'>l&#39;observation</span> 
     </span>
     <span class='ocr_line' id='line_1_83' title="bbox 1232 3183 2177 3238; baseline 0 -13"><span class='ocrx_word' id='word_1_504' title='bbox 1232 3185 1316 3227; x_wconf 86' lang='lat' dir='ltr'>des</span> <span class='ocrx_word' id='word_1_505' title='bbox 1326 3184 1596 3227; x_wconf 77' lang='lat' dir='ltr'>caracteres.</span> <span class='ocrx_word' id='word_1_506' title='bbox 1622 3189 1684 3235; x_wconf 88' lang='lat' dir='ltr'>V.,</span> <span class='ocrx_word' id='word_1_507' title='bbox 1704 3197 1785 3226; x_wconf 86' lang='lat' dir='ltr'>sur</span> <span class='ocrx_word' id='word_1_508' title='bbox 1803 3198 1855 3226; x_wconf 91' lang='lat' dir='ltr'>ce</span> <span class='ocrx_word' id='word_1_509' title='bbox 1873 3186 2023 3226; x_wconf 74' lang='lat' dir='ltr'>meme</span> <span class='ocrx_word' id='word_1_510' title='bbox 2041 3183 2177 3238; x_wconf 75' lang='lat' dir='ltr'>quet‚</span> 
     </span>
     <span class='ocr_line' id='line_1_84' title="bbox 1231 3236 1960 3292; baseline 0 -13"><span class='ocrx_word' id='word_1_511' title='bbox 1231 3240 1487 3289; x_wconf 74' lang='lat' dir='ltr'>Amsror13‚</span> <span class='ocrx_word' id='word_1_512' title='bbox 1509 3236 1797 3292; x_wconf 79' lang='lat' dir='ltr'>Rhe&#39;torique,</span> <span class='ocrx_word' id='word_1_513' title='bbox 1819 3238 1877 3289; x_wconf 92' lang='lat'>11,</span> <span class='ocrx_word' id='word_1_514' title='bbox 1896 3240 1960 3279; x_wconf 78' lang='grc'>12.</span> 
     </span>
    </p>

    <p class='ocr_par' dir='ltr' id='par_1_34' title="bbox 1231 3288 2181 3660">
     <span class='ocr_line' id='line_1_85' title="bbox 1284 3288 2181 3342; baseline -0.003 -11"><span class='ocrx_word' id='word_1_515' title='bbox 1284 3292 1352 3331; x_wconf 85' lang='grc'>84.</span> <span class='ocrx_word' id='word_1_516' title='bbox 1381 3292 1428 3331; x_wconf 80' lang='lat' dir='ltr'>Si</span> <span class='ocrx_word' id='word_1_517' title='bbox 1450 3302 1550 3342; x_wconf 80' lang='lat' dir='ltr'>eges</span> <span class='ocrx_word' id='word_1_518' title='bbox 1559 3304 1577 3337; x_wconf 89' lang='lat'><em>;</em></span> <span class='ocrx_word' id='word_1_519' title='bbox 1603 3289 1645 3332; x_wconf 87' lang='lat' dir='ltr'>si</span> <span class='ocrx_word' id='word_1_520' title='bbox 1670 3297 1723 3333; x_wconf 88' lang='lat' dir='ltr'>tu</span> <span class='ocrx_word' id='word_1_521' title='bbox 1741 3303 1792 3331; x_wconf 88' lang='lat' dir='ltr'>as</span> <span class='ocrx_word' id='word_1_522' title='bbox 1811 3289 1976 3331; x_wconf 88' lang='lat' dir='ltr'>besoin</span> <span class='ocrx_word' id='word_1_523' title='bbox 1999 3288 2088 3340; x_wconf 79' lang='lat' dir='ltr'>de3</span> <span class='ocrx_word' id='word_1_524' title='bbox 2110 3300 2181 3329; x_wconf 88' lang='grc'>0.-</span> 
     </span>
     <span class='ocr_line' id='line_1_86' title="bbox 1231 3342 2181 3385; baseline -0.003 -1"><span class='ocrx_word' id='word_1_525' title='bbox 1231 3343 1334 3384; x_wconf 75' lang='grc'>0-(1.</span> <span class='ocrx_word' id='word_1_526' title='bbox 1356 3342 1397 3383; x_wconf 87' lang='lat' dir='ltr'>si</span> <span class='ocrx_word' id='word_1_527' title='bbox 1421 3348 1472 3384; x_wconf 89' lang='lat' dir='ltr'>tu</span> <span class='ocrx_word' id='word_1_528' title='bbox 1498 3354 1621 3384; x_wconf 83' lang='lat' dir='ltr'>veux</span> <span class='ocrx_word' id='word_1_529' title='bbox 1644 3342 1788 3385; x_wconf 88' lang='lat' dir='ltr'>avoir.</span> <span class='ocrx_word' id='word_1_530' title='bbox 1812 3363 1866 3373; x_wconf 90' lang='lat'><em>-</em></span> <span class='ocrx_word' id='word_1_531' title='bbox 1891 3343 2054 3383; x_wconf 77' lang='lat' dir='ltr'>Aulaea</span> <span class='ocrx_word' id='word_1_532' title='bbox 2075 3352 2181 3381; x_wconf 85' lang='lat' dir='ltr'>ma-</span> 
     </span>
     <span class='ocr_line' id='line_1_87' title="bbox 1233 3393 2178 3449; baseline -0.003 -13"><span class='ocrx_word' id='word_1_533' title='bbox 1233 3397 1405 3444; x_wconf 76' lang='lat' dir='ltr'>nentis,</span> <span class='ocrx_word' id='word_1_534' title='bbox 1436 3394 1516 3449; x_wconf 83' lang='lat' dir='ltr'>qui</span> <span class='ocrx_word' id='word_1_535' title='bbox 1543 3396 1730 3437; x_wconf 88' lang='lat' dir='ltr'>attende</span> <span class='ocrx_word' id='word_1_536' title='bbox 1760 3397 1893 3448; x_wconf 86' lang='lat' dir='ltr'>(pour</span> <span class='ocrx_word' id='word_1_537' title='bbox 1920 3406 1972 3436; x_wconf 90' lang='lat' dir='ltr'>se</span> <span class='ocrx_word' id='word_1_538' title='bbox 1999 3393 2178 3445; x_wconf 86' lang='lat' dir='ltr'>retirer)</span> 
     </span>
     <span class='ocr_line' id='line_1_88' title="bbox 1233 3445 2180 3501; baseline -0.005 -10"><span class='ocrx_word' id='word_1_539' title='bbox 1233 3448 1275 3491; x_wconf 90' lang='lat' dir='ltr'>le</span> <span class='ocrx_word' id='word_1_540' title='bbox 1294 3448 1476 3499; x_wconf 80' lang='lat' dir='ltr'>rideau3</span> <span class='ocrx_word' id='word_1_541' title='bbox 1499 3448 1660 3489; x_wconf 75' lang='grc'>0.-0-(1.</span> <span class='ocrx_word' id='word_1_542' title='bbox 1680 3446 1760 3501; x_wconf 89' lang='lat' dir='ltr'>qui</span> <span class='ocrx_word' id='word_1_543' title='bbox 1773 3447 1960 3490; x_wconf 85' lang='lat' dir='ltr'>attende</span> <span class='ocrx_word' id='word_1_544' title='bbox 1976 3446 2112 3500; x_wconf 89' lang='lat' dir='ltr'>qu’on</span> <span class='ocrx_word' id='word_1_545' title='bbox 2135 3445 2180 3486; x_wconf 93' lang='grc'>10</span> 
     </span>
     <span class='ocr_line' id='line_1_89' title="bbox 1233 3498 2180 3562; baseline -0.002 -21"><span class='ocrx_word' id='word_1_546' title='bbox 1233 3498 1403 3542; x_wconf 56' lang='grc'>0010110.</span> <span class='ocrx_word' id='word_1_547' title='bbox 1431 3505 1474 3541; x_wconf 89' lang='lat' dir='ltr'>V.</span> <span class='ocrx_word' id='word_1_548' title='bbox 1507 3500 1634 3562; x_wconf 73' lang='lat' dir='ltr'>Epit.</span> <span class='ocrx_word' id='word_1_549' title='bbox 1654 3509 1688 3552; x_wconf 89' lang='lat'>1,</span> <span class='ocrx_word' id='word_1_550' title='bbox 1714 3502 1808 3541; x_wconf 85' lang='grc'>189.</span> <span class='ocrx_word' id='word_1_551' title='bbox 1827 3522 1880 3531; x_wconf 92' lang='grc'>-</span> <span class='ocrx_word' id='word_1_552' title='bbox 1911 3502 2085 3541; x_wconf 82' lang='lat' dir='ltr'>Cantor</span> <span class='ocrx_word' id='word_1_553' title='bbox 2109 3498 2180 3539; x_wconf 89' lang='lat' dir='ltr'>si-</span> 
     </span>
     <span class='ocr_line' id='line_1_90' title="bbox 1232 3551 2181 3608; baseline -0.001 -15"><span class='ocrx_word' id='word_1_554' title='bbox 1232 3552 1745 3608; x_wconf 74' lang='lat' dir='ltr'>gnifieordinatrement</span> <span class='ocrx_word' id='word_1_555' title='bbox 1758 3551 1971 3604; x_wconf 84' lang='lat' dir='ltr'>lejoucur</span> <span class='ocrx_word' id='word_1_556' title='bbox 1991 3552 2049 3593; x_wconf 92' lang='lat' dir='ltr'>de</span> <span class='ocrx_word' id='word_1_557' title='bbox 2067 3551 2181 3593; x_wconf 74' lang='grc' dir='ltr'>110ῐο</span> 
     </span>
     <span class='ocr_line' id='line_1_91' title="bbox 1233 3604 2181 3660; baseline -0.001 -13"><span class='ocrx_word' id='word_1_558' title='bbox 1233 3606 1315 3660; x_wconf 86' lang='lat' dir='ltr'>qui</span> <span class='ocrx_word' id='word_1_559' title='bbox 1333 3617 1643 3660; x_wconf 84' lang='lat' dir='ltr'>accompagne</span> <span class='ocrx_word' id='word_1_560' title='bbox 1668 3604 1740 3647; x_wconf 86' lang='lat' dir='ltr'>les</span> <span class='ocrx_word' id='word_1_561' title='bbox 1767 3611 1949 3647; x_wconf 84' lang='lat' dir='ltr'>acteurs</span> <span class='ocrx_word' id='word_1_562' title='bbox 1979 3607 2048 3660; x_wconf 86' lang='lat' dir='ltr'>(V.</span> <span class='ocrx_word' id='word_1_563' title='bbox 2071 3605 2181 3660; x_wconf 81' lang='lat' dir='ltr'>plus</span> 
     </span>
    </p>
   </div>
   <div class='ocr_carea' id='block_1_21' title="bbox 1868 3703 1927 3752">
    <p class='ocr_par' dir='ltr' id='par_1_35' title="bbox 1868 3703 1927 3752">
     <span class='ocr_line' id='line_1_92' title="bbox 1868 3703 1927 3752; baseline 0 0"><span class='ocrx_word' id='word_1_564' title='bbox 1868 3703 1927 3752; x_wconf 77' lang='lat'>25</span> 
     </span>
    </p>
   </div>
  </div>
 </body>
</html>
