2690 4169
541 279 629 327 158

1161 275 1531 331 CARMINA,
1582 275 1683 331 lv,
1731 288 1842 322 xu.

780 393 1107 460 Audivere,
1141 390 1322 470 Lyce,
1355 390 1435 448 Di
1459 409 1592 448 mea
1617 400 1776 458 vota,
1810 388 1890 447 Di

778 472 1106 539 Audivere,
1138 470 1298 548 Lyce
1333 491 1345 526 ε
1376 469 1448 528 fis
1483 488 1655 538 anuS,
1685 480 1744 526 et
1770 480 1970 526 tamen

937 549 1045 608 Vis
1078 551 1343 607 formosa
1372 547 1590 619 videri,

898 629 1209 708 Ludisque
1238 638 1297 685 et
1322 627 1485 685 bibis
1517 627 1861 705 impudens,

778 749 1168 826 Importunus
1190 747 1208 781 ¹
1241 765 1412 804 amor
1439 743 1774 803 transvolat
1802 743 2004 802 aridas

786 825 1124 902 Quercus2,
1160 836 1219 883 et
1246 825 1491 902 refugit,
1518 835 1578 882 te
1609 822 1750 902 quia
1781 822 1966 881 luridi

935 904 1190 974 DenteS,
1223 915 1280 961 te
1313 903 1455 982 quia
1483 922 1647 980 rugae

897 985 1172 1062 Turpant
1201 994 1259 1040 et
1285 982 1503 1060 capitis
1529 982 1721 1040 nives.

776 1104 902 1163 Nec
935 1101 1073 1161 Coae
1101 1104 1374 1161 referunt
1393 1100 1516 1181 jam
1546 1101 1658 1159 tibi
1686 1101 2006 1179 purpurae³

777 1184 904 1242 Nec
937 1181 1084 1240 clari
1114 1181 1350 1259 lapides
1377 1181 1399 1215 '⁶
1428 1190 1723 1258 tempora,
1756 1200 1888 1258 quae
1918 1181 2106 1239 semel

2409 1184 2484 1242 10

938 1262 1114 1320 Notis
1147 1260 1392 1319 condita
1422 1259 1593 1317 fastis
1612 1260 1632 1294 ⁵

897 1340 1150 1399 Inclusit
1172 1338 1443 1397 volucris
1474 1338 1629 1396 dies.

776 1460 913 1534 Quo
946 1460 1099 1539 fugit
1124 1460 1360 1517 venus?
1384 1457 1523 1526 heu,
1554 1477 1749 1535 quove
1781 1458 1989 1516 color?
2017 1459 2242 1516 decens

779 1539 913 1613 Quo
945 1550 1144 1597 motus
1169 1540 1193 1594 Ρ
1217 1536 1363 1615 quid
1389 1536 1577 1594 habes
1610 1535 1796 1605 illius,
1832 1537 1997 1595 illius

938 1618 1082 1691 Quae
1116 1616 1423 1695 spirabat⁶
1457 1635 1716 1683 amores,

2410 1620 2482 1677 15

899 1697 1043 1771 Quae
1073 1716 1166 1753 mc
1193 1695 1557 1773 surpuerat⁷
1594 1694 1763 1764 mihi,

777 1816 947 1875 Felix
964 1825 1106 1893 post
1136 1813 1418 1872 Cinaram
1439 1812 1482 1881 ⁸,
1512 1824 1795 1891 notaque,
1824 1824 1884 1870 et
1911 1813 2126 1871 artium

778 1896 1097 1954 Gratarum
1124 1894 1388 1951 facies⁹?
1420 1891 1540 1950 Sed
1574 1890 1809 1949 Cinarae
1839 1893 2055 1950 breves

932 1973 1145 2031 Annos
1178 1974 1295 2029 fata
1322 1972 1644 2040 dederunt,

895 2052 1221 2112 Servatura
1250 2051 1353 2108 diu
1379 2069 1587 2127 parem

2406 2051 2482 2110 20

776 2168 1057 2228 Cornicis
1086 2169 1363 2228 vetulae¹⁰
1394 2168 1774 2245 temporibus
1803 2169 2027 2246 Lycen,

773 2248 1028 2307 Possint
1059 2258 1124 2306 ut
1139 2246 1398 2327 juvenes
1420 2247 1623 2306 visere
1655 2248 1871 2307 fervidi

932 2326 1126 2385 Multo
1156 2347 1280 2385 non
1313 2327 1445 2384 sine
1477 2326 1606 2385 risu

891 2406 1204 2485 Dilapsam
1234 2406 1297 2464 in
1330 2405 1568 2463 cineres
1601 2407 1809 2465 facem.

587 2579 690 2621 01>ss
704 2577 802 2619 ΧΠ.
829 2598 876 2608 -
899 2579 939 2618 1.
960 2579 1265 2629 Importunas,
1288 2573 1415 2616 cruel
1433 2578 1481 2615 et

518 2629 752 2685 ·superbe,
776 2628 1082 2684 dedaigncux.

585 2700 627 2739 2.
658 2697 830 2739 Aridus
859 2707 1064 2748 quercus,
1099 2695 1220 2735 meta
1256 2692 1482 2746 horique-

533 2755 683 2802 ment,
713 2761 832 2803 pour
870 2748 969 2790 dire
1006 2746 1076 2789 les
1113 2746 1225 2789 vieil
1247 2758 1297 2787 es
1335 2757 1481 2800 gens,

533 2801 820 2867 γεράνδρυα.

587 2880 627 2918 3.
662 2879 759 2918 Cooe
772 2887 1007 2929 purpurae.
1035 2873 1075 2915 Il
1101 2874 1251 2935 parait
1278 2885 1370 2926 que
1399 2870 1484 2913 des

533 2928 631 2970 10rs
654 2941 717 2970 on
736 2941 760 2968 a
796 2926 971 2982 portait
993 2925 1148 2968 d'Asie
1169 2926 1194 2965 ἐι
1213 2925 1318 2977 Cos,
1344 2924 1405 2966 ile
1426 2925 1483 2966 de

532 2980 579 3022 la
609 2994 709 3023 mer
814 2982 882 3043 ec,
909 2980 994 3021 des
1023 2990 1193 3021 cocons
1216 2978 1275 3019 de
1302 2977 1418 3027 soie,
1438 2984 1485 3019 et

534 3034 673 3087 qu'on
692 3045 751 3075 en
765 2993 1015 3087 gbnquait
1031 3044 1119 3073 une
1139 3030 1275 3072 etoss'e
1294 3029 1393 3071 tres
1411 3028 1484 3071 le-

533 3083 660 3141 gere,
675 3086 792 3127 dont
806 3098 858 3127 so
872 3083 1083 3140 parnieni:
1092 3083 1162 3125 les
1178 3082 1482 3125 courtisanes.

584 3151 625 3189 4.
646 3147 851 3201 Lapides.
886 3150 932 3188 V.
953 3145 1041 3189 od.
1062 3146 1143 3197 111,
1162 3155 1296 3198 xvm,
1317 3147 1387 3188 48.

584 3211 625 3249 5.
660 3209 789 3250 Notis
821 3207 1008 3249 condita
1033 3209 1187 3261 fascis.
1222 3207 1294 3250 On
1325 3207 1484 3249 consi-

567 3259 665 3302 nait.
678 3259 749 3303 les
762 3259 1027 3302 naissances
1041 3260 1159 3301 dans
1174 3259 1243 3302 les
1258 3259 1485 3315 registres

532 3273 618 3356 ges
636 3313 798 3366 fastos,
818 3325 909 3366 que
927 3318 1031 3356 tout
1043 3312 1088 3355 le
1107 3314 1275 3354 mondo
1294 3313 1486 3368 pouvait

532 3365 784 3409 consulter.
804 3368 849 3408 V.
867 3365 987 3409 l'ode
1013 3365 1239 3418 suivaute,
1261 3372 1369 3408 note
1379 3368 1418 3408 2.
1435 3389 1486 3397 —

536 3424 759 3474 Tempora
786 3420 986 3461 condita.
1010 3421 1165 3474 Image
1191 3419 1367 3460 hardic.
1397 3419 1486 3460 Les

512 3473 698 3516 .choses
718 3472 782 3514 du
802 3477 898 3514 tem
934 3484 957 3514 s
974 3474 1111 3527 passe
1133 3478 1240 3515 sont
1258 3470 1404 3513 fixees
1419 3472 1487 3513 in-

530 3525 867 3567 variablement
908 3527 1065 3573 semel,
1097 3538 1185 3567 unc
1228 3524 1332 3576 fois,
1369 3537 1487 3578 pour

523 3579 774 3634 -touJours).

1533 2577 1626 2670 διε.
1650 2573 1882 2628 Spirabat,
1923 2574 2128 2620 exhalait
2160 2577 2219 2618 de
2257 2582 2359 2620 tout
2394 2590 2481 2620 son

1607 2638 1649 2668 e.

1587 2683 1628 2721 7.
1648 2683 1915 2732 surpuerat,
1933 2679 2220 2724 abreviation
2273 2682 2480 2737 opulaire

1536 2732 1594 2774 de
1633 2735 1939 2785 surripuerat,
2001 2746 2119 2788 pour
2169 2747 2224 2777 su
2252 2737 2474 2789 ripuerat.

1537 2785 1831 2829 Construiscz
1854 2800 1863 2826 ε
1885 2786 2011 2827 illius
2027 2788 2171 2840 faciet
2186 2800 2300 2842 quae,
2322 2795 2409 2831 etc.

1591 2843 1630 2879 8.
1655 2839 1799 2880 Felix.
1822 2839 2055 2880 chrcusc
2077 2840 2135 2882 de
2163 2840 2310 2894 quoi?
2336 2842 2479 2883 Peut-

1536 2892 1636 2934 &tre
1659 2891 1718 2932 de
1744 2891 1934 2932 m’avoir
1961 2894 2124 2934 trouve
2146 2905 2265 2948 pour
2289 2892 2333 2936 la
2347 2894 2480 2936 chan-

1536 2950 1623 2987 ter.
1639 2966 1692 2975 —
1710 2947 1817 2985 Post
1833 2945 2069 2986 Cinaram.
2085 2944 2317 3002 Cevisage
2327 2946 2481 2988 l’avait

1536 2996 1722 3039 chax-me
1742 2995 1878 3050 apres
1898 2997 2017 3039 celui
2039 2997 2099 3039 de
2118 2997 2295 3042 Cinara.

1590 3052 1632 3092 9.
1663 3052 1869 3103 Notaque
1889 3058 1932 3091 et
1955 3052 2129 3092 artium
2151 3058 2411 3104 gratarum,
2435 3058 2482 3094 et

1538 3114 1714 3144 connue
1733 3102 1868 3155 (dans
1882 3103 2040 3156 Rome)
2062 3108 2109 3145 et
2126 3106 2265 3158 pareo
2288 3103 2479 3146 d’aima-

1535 3155 1639 3196 bias
1672 3154 1871 3208 qualitos
1897 3171 1906 3197 :
1944 3156 2298 3210 interpretation
2330 3158 2388 3198 de
2419 3158 2479 3199 M.

1535 3206 1710 3260 Nauck,
1735 3207 1815 3262 qui
1836 3205 1881 3249 la
1893 3208 2071 3263 justisse
2087 3222 2172 3263 par
2193 3223 2256 3252 un
2282 3221 2481 3264 rappro-

1537 3260 1752 3302 chement
1782 3273 1892 3301 avec
1925 3267 2048 3304 cette
2082 3263 2254 3317 phrase
2287 3263 2345 3304 de
2379 3262 2483 3305 Sal-

1536 3312 1688 3355 luste:
1713 3313 1947 3354 Imbecilla
1970 3319 2108 3368 atque
2126 3317 2211 3357 oevi
2224 3315 2381 3364 brevis,
2440 3317 2483 3357 e-

1538 3365 1652 3408 nitif
1674 3367 1938 3408 coordonne
1964 3380 2073 3409 avec
2100 3365 2325 3423 l’adjectif
2338 3370 2401 3410 im
2431 3381 2482 3410 e-

1538 3420 1663 3467 cilla,
1678 3419 1736 3460 dc
1746 3421 1894 3461 meme
1906 3433 1994 3474 quc
2003 3428 2047 3461 et
2057 3422 2231 3462 arcium
2236 3427 2484 3474 gratarum

1539 3485 1648 3513 avec
1664 3479 1788 3520 nota,
1812 3484 1988 3515 comme
2012 3472 2250 3528 signifiant
2270 3488 2356 3516 une
2377 3487 2483 3528 qua-

1540 3525 1636 3574 lite,
1658 3538 1719 3566 un
1734 3523 1961 3567 caractere
2016 3539 2065 3566 ro

1597 3581 1660 3619 10.
1691 3580 1869 3621 Vetulae.
1897 3582 1943 3620 V.
1969 3539 2040 3620 gd

2104 3540 2166 3568 Pe.

2047 3609 2057 3620 .
2096 3580 2154 3631 11,
2176 3590 2257 3630 χιι,
2282 3582 2349 3620 13.
