2690 4169
490 227 550 272 74

1116 218 1491 277 CARMINA,
1543 221 1623 277 ΙΙ,
1672 235 1813 269 κιιι.

733 333 1027 395 Condidit
1053 334 1255 393 lunam
1285 354 1484 414 neque
1517 347 1683 395 certa
1713 336 1946 415 fulgent

1010 412 1230 472 Sidera
1259 415 1498 485 nautis;

731 531 938 590 Otium
967 531 1129 590 bello
1161 532 1394 590 furiosa
1422 532 1657 590 Thrace
1675 533 1727 602 ²3

731 610 937 669 Otium
966 609 1169 668 Medi³
1203 611 1491 689 pharetra
1521 612 1753 680 decori,

732 689 1039 768 Grosphe,
1073 709 1197 749 non
1226 691 1523 770 gemmis‘
1557 710 1754 769 neque
1788 707 2061 769 purpura
2087 709 2185 750 ve-

1005 769 1182 827 nale⁵
1217 790 1330 828 nec
1363 790 1533 829 auro.

729 879 868 938 Non
899 878 1059 936 enim
1090 898 1251 959 gazae
1281 899 1479 958 neque
1513 878 1856 939 consularis

732 958 1099 1017 Submovet⁶
1131 958 1314 1016 lictor
1343 959 1608 1018 miseros
1638 959 1932 1017 tumultus

727 1036 956 1097 Mentis
989 1047 1049 1094 et
1078 1057 1256 1096 curas
1288 1037 1565 1116 laqueata
1595 1038 1823 1096 circum

1006 1115 1192 1175 Tecta
1215 1117 1514 1175 volantes,

727 1225 969 1286 Vivitur
999 1246 1187 1303 parvo
1220 1228 1376 1284 bene
1412 1227 1544 1283 cui⁷
1575 1238 1895 1304 paternum

728 1305 1025 1383 Splendet
1052 1305 1115 1362 in
1143 1323 1355 1363 mensa
1381 1306 1550 1364 tenui
1580 1304 1874 1362 salinum⁸

727 1386 856 1445 Nec
883 1383 1086 1443 leves⁹
1118 1403 1368 1443 somnos
1397 1384 1582 1442 ti'mor
1614 1395 1713 1442 aut
1743 1384 2030 1462 cupido¹⁰

2369 1385 2439 1441 15

1009 1462 1311 1522 Sordidus
1342 1464 1556 1522 aufert.

729 1571 892 1646 Quid
921 1572 1093 1630 brevi
1125 1573 1314 1631 sortes
1337 1570 1680 1652 jaculamur
1708 1574 1894 1631 aevo¹¹

728 1652 963 1711 Multa?
994 1652 1141 1729 quid
1170 1664 1368 1710 terras
1401 1652 1519 1710 alio
1552 1651 1818 1710 calentes

730 1731 872 1790 Sole
903 1731 1311 1789 mutamusffl?
1341 1732 1551 1810 patriae
1583 1731 1722 1809 quis
1754 1730 1925 1789 exsul

1008 1809 1086 1867 Se
1116 1830 1359 1888 quoque
1392 1811 1611 1889 sugit¹³
1638 1814 1660 1867 P

2363 1809 2441 1866 20

729 1928 981 1987 Scandit
1011 1931 1289 1988 aeratas¹⁴
1318 1930 1543 1989 vitiosa
1574 1949 1760 1988 naves

727 2006 910 2078 Cura,
945 2028 1058 2066 nec
1077 2021 1318 2087 'turmas
1352 2009 1622 2087 equitum
1655 2007 1967 2086 relinquit,

729 2087 919 2147 Ocior
949 2089 1147 2147 cervis
1179 2100 1237 2146 et
1268 2102 1484 2166 agente
1510 2088 1753 2147 nimbos

1003 2167 1192 2226 Ocior
1223 2167 1411 2226 Euro,

721 2285 923 2345 Laetus
957 2285 1020 2343 in
1051 2305 1325 2363 praesens
1361 2287 1597 2343 animus
1625 2288 1788 2363 quod
1820 2284 1980 2342 ultra
2012 2285 2087 2341 ’st

2363 2286 2442 2341 25

723 2363 941 2422 Oderit
971 2385 1206 2434 curare,
1244 2378 1303 2423 et
1335 2377 1529 2423 amata
1557 2364 1723 2422 lento
1743 2366 1786 2398 ¹²³

523 2525 564 2564 2.
593 2522 786 2563 Furiosa
815 2521 945 2571 bello,
978 2535 1035 2563 au
1063 2521 1219 2564 milieu
1242 2523 1325 2564 des
1347 2523 1424 2564 su-

474 2587 604 2617 reurs
625 2575 682 2616 de
702 2573 745 2615 la
800 2587 945 2616 uerre.

521 2632 561 2670 3.
600 2628 736 2677 Medi,
779 2640 829 2668 es
847 2625 1057 2668 Parthos,
1097 2631 1142 2668 V.
1173 2627 1261 2669 od.
1282 2638 1326 2677 x,
1358 2630 1423 2669 18.

521 2684 563 2723 4.
599 2682 805 2722 Gemmis.
836 2685 881 2721 V.
906 2679 993 2721 od.
1016 2680 1096 2730 111,
1120 2690 1251 2730 xvm,
1275 2682 1342 2722 48.

522 2737 562 2775 5.
599 2735 778 2775 Venale.
804 2737 851 2776 V.
881 2734 1035 2773 Notice
1062 2745 1144 2773 sm·
1163 2734 1226 2774 les
1245 2728 1423 2781 mitres,

474 2788 579 2837 529,
598 2791 646 2827 ct
666 2786 754 2828 Od.
779 2785 814 2837 1,
836 2796 886 2836 11,
914 2788 979 2826 19.

471 2889 487 2930 1
522 2842 562 2931 t}
574 2836 823 2930 Szlcbmovct‚
836 2839 1001 2888 coarto,
1014 2849 1193 2878 comme
1202 2848 1265 2878 on
1275 2838 1427 2878 eearte

490 2904 515 2931 a
550 2902 608 2931 ou
631 2902 670 2930 e.

529 2946 567 2984 7.
614 2942 837 2984 Vivitur...
857 2943 934 2982 cui
950 2957 1004 2978 =
1037 2941 1143 2982 bene
1162 2942 1327 2982 vivitur
1354 2941 1429 2983 illc·

472 2996 614 3044 cui...‚
636 2995 789 3036 απὸ-(Ι.
812 2994 919 3035 bene
941 2995 1048 3035 vivit
1067 2995 1146 3035 ille
1167 2995 1290 3036 cui...

524 3050 563 3088 8.
594 3047 806 3101 Splendet
822 3048 1041 3089 salinum.
1073 3047 1136 3087 La
1170 3047 1316 3100 petite
1345 3058 1427 3087 sa-

472 3099 586 3141 liere
626 3098 837 3154 d'argent
873 3100 1120 3141 consacree
1156 3111 1246 3141 aux
1284 3098 1425 3142 dieux

474 3151 811 3213 domestiques‚
838 3151 1052 3194 modeste
1073 3151 1299 3215 heritage,
1322 3165 1426 3206 gar-

473 3205 558 3246 dee
579 3203 956 3258 religieusement
971 3210 1017 3246 et
1034 3210 1173 3247 tenue
1192 3206 1302 3248 bien
1319 3217 1425 3260 pro-

475 3270 574 3312 pre.
595 3279 648 3287 —
672 3259 824 3307 Tenui,
847 3258 1074 3299 modeste.

526 3313 562 3350 9.
583 3313 726 3359 Leues,
740 3322 917 3352 comme
926 3312 1131 3364 facilem,
1155 3310 1238 3353 od.
1264 3322 1364 3361 vm,
1382 3312 1422 3352 8.

525 3366 588 3405 10.
625 3364 797 3416 Cupido
835 3369 910 3405 cst
943 3369 1282 3405 constamment
1307 3364 1425 3404 dans

474 3416 651 3458 Horace
667 3417 730 3457 du
744 3414 980 3457 masculin.
1001 3416 1039 3459 11
1059 3422 1132 3459 est
1150 3415 1278 3458 aussi
1295 3416 1356 3458 de
1374 3429 1425 3457 ce

473 3482 616 3524 genre
635 3470 751 3512 dans
770 3468 1110 3523 l’Amphitryon
1129 3469 1187 3512 de
1215 3470 1424 3521 pmcn,

472 3534 517 3563 v.
538 3525 628 3565 210.

1535 2525 1597 2562 11.
1631 2525 1796 2563 Fortes.
1822 2520 2182 2574 Ironiquement.
2215 2542 2268 2552 —
2294 2524 2439 2563 Jaca-

1483 2577 1650 2615 tamur.
1688 2574 1998 2635 Visons-neous
2028 2572 2193 2637 qnbut
2224 2572 2442 2637 eloigne'?

1480 2626 1840 2669 formons-nous
1856 2625 1982 2667 mssle
1997 2625 2218 2668 lomtams
2228 2633 2409 2682 projets
2420 2627 2441 2668 ἰ’

1535 2695 1598 2733 12.
1640 2695 1883 2733 Mutamus.
1923 2690 2048 2734 Chan
2085 2703 2345 2733 eous-nous
2380 2692 2440 2734 de

1483 2744 1637 2799 sejour
1654 2751 1786 2798 (pour
1800 2744 1914 2786 aller
1930 2744 2066 2786 chere
2102 2745 2164 2797 er)
2180 2744 2200 2785 ἰ’

1536 2813 1598 2851 13.
1640 2812 1784 2851 Exsul
1821 2811 2008 2864 patriae.
2045 2809 2193 2852 Ovide
2221 2823 2247 2850 a
2275 2809 2347 2852 dit
2379 2810 2442 2852 de

1482 2864 1632 2904 meme
1673 2865 1804 2905 exsul
1831 2865 2079 2917 mentisque
2098 2863 2374 2918 domus-qum
2391 2868 2441 2905 et

1484 2915 1676 2957 Publius
1695 2915 1839 2971 Syrus
1861 2931 1871 2957 :
1901 2917 2080 2957 ciconia
2103 2915 2266 2958 hiemis
2288 2917 2438 2958 exsul.

1484 2968 1545 3011 Ce
1561 2975 1659 3010 mot
1670 2975 1744 3011 est
1758 2968 1990 3011 construit
2002 2965 2183 3022 d'apres
2193 2967 2439 3023 l'analogie

1483 3021 1541 3061 cle
1583 3034 1759 3074 expers,
1789 3033 1935 3075 egens,
1967 3020 2116 3064 orbus.
2148 3044 2201 3053 —
2220 3024 2357 3074 Fugit
2373 3033 2437 3069 se,

1482 3074 1594 3116 s’est
1619 3076 1785 3129 jamnis
1818 3074 1883 3116 fui
1914 3074 2165 3117 lui-memo.
2192 3079 2238 3117 V.
2269 3073 2314 3115 la
2332 3076 2438 3115 mo—

1481 3139 1554 3168 me
1574 3127 1678 3169 idee
1698 3128 1824 3182 Epit.
1846 3128 1882 3178 1,
1904 3138 1998 3179 xxv,
2021 3129 2086 3168 13.

1533 3194 1595 3232 14.
1638 3195 1840 3242 AEratas‚
1875 3192 1900 3232 ὲ
1942 3204 2077 3234 cause
2112 3193 2170 3234 de
2210 3191 2434 3246 l'eperon.

1480 3246 1602 3287 Vmo
1620 3275 1629 3284 .
1654 3248 1733 3285 En.
1771 3245 1806 3296 1,
1838 3248 1889 3285 39
1911 3259 1920 3285 :
1943 3252 2114 3297 spumas
2135 3251 2232 3290 salis
2249 3261 2328 3288 ονε
2346 3261 2441 3288 rue·

1482 3304 1589 3342 bant.
1611 3324 1655 3332 -
1691 3299 1877 3346 Vitiosa,
1910 3297 2138 3351 depraves,
2171 3300 2230 3339 ne
2259 3297 2318 3338 de
2347 3308 2437 3338 nos

1480 3349 1624 3390 vices.
1646 3373 1698 3380 —
1718 3353 1908 3391 Naves...
1939 3356 2116 3392 turmas
2135 3351 2351 3404 equitum.
2385 3353 2429 3392 V.

1481 3401 1524 3443 la
1544 3404 1692 3444 meme
1712 3402 1816 3444 ideo
1837 3403 1921 3445 od.
1948 3404 2028 3456 ΙΙΙ,
2051 3415 2081 3455 1,
2104 3406 2239 3444 38-40.

1535 3469 1597 3507 15.
1630 3470 1782 3517 Lento,
1805 3466 1995 3510 ssexible
2006 3484 2020 3520 ;
2040 3481 2124 3522 par
2140 3466 2275 3521 suite,
2294 3468 2441 3523 doux,

1481 3518 1743 3574 tranquille.
