2690 4169
924 227 1240 282 SATIRAE,
1298 227 1348 282 1,
1400 239 1499 273 111.

2101 227 2189 275 211

233 347 446 425 Usque
477 347 554 403 ad
581 344 735 402 mala
761 343 977 401 citaret
999 348 1064 400 Io
1089 342 1383 410 Bacclee⁵,
1417 340 1598 398 modo
1631 360 1863 398 summa

232 425 421 495 Voce,
453 425 633 482 modo
665 423 777 481 hac
805 434 1054 480 resonat
1082 441 1213 499 quae
1243 419 1493 478 chordis
1522 420 2011 497 quattuorima5.

233 505 334 564 Nil
360 503 587 582 aequale
618 502 848 560 homini
879 501 989 558 fuit
1017 500 1165 569 illi⁷,
1202 519 1362 577 saepe
1389 497 1557 558 velut
1585 499 1688 576 qui

234 584 541 643 Cur-rebat
569 582 810 660 fugiens
839 580 1099 647 hostem,
1135 597 1411 657 persaepe
1437 577 1606 636 velut
1634 576 1737 656 qui

2121 579 2193 636 10

232 663 495 722 sunonis
526 680 700 720 sacra
729 660 973 717 ferret⁸.
1010 658 1288 716 Habebat
1317 676 1477 735 saepe
1508 658 1829 725 ducentOS,

234 742 410 822 Saepe
440 743 648 799 decem
678 758 916 807 serVOS,
946 739 1128 796 modo
1156 756 1338 815 reges
1369 747 1547 813 atque
1575 734 1954 793 tetrarchas⁹
1973 779 1987 803 ‚

237 821 456 879 Omnia
469 840 564 878 ma
610 838 688 878 na
706 818 1052 896 loquens¹⁰,
1081 817 1263 874 modo
1291 837 1304 872 ε
1335 838 1363 869 (ι
1391 814 1485 872 Sit
1503 814 1652 872 mihi
1668 832 1880 872 mensa
1892 814 2088 891 tripes
2106 826 2168 871 et

232 900 489 959 Concha
517 840 663 957 salis
690 897 919 976 puri¹¹,
953 909 1013 954 et
1039 908 1184 973 toga
1211 914 1343 972 quae
1375 894 1702 952 defendere
1733 893 1950 971 frigus,

236 979 527 1052 Quamvis
557 976 850 1046 crassa¹²,
879 979 1086 1054 queat!
1125 997 1152 1028 2>
1184 974 1407 1032 Decies
1436 985 1692 1031 centena
1719 972 2001 1030 dedisses

2121 974 2192 1032 15

237 1059 395 1117 Huic
423 1077 633 1137 parc0,
666 1055 880 1134 paucis
910 1066 1195 1112 contento
1226 1076 1239 1110 ε
1273 1052 1540 1131 quinque
1571 1052 1788 1109 diebus

234 1138 336 1197 Nil
366 1149 495 1196 erat
523 1137 585 1194 in
614 1135 835 1193 loculis
853 1134 925 1191 ¹³.
960 1134 1187 1193 Noctes
1213 1131 1509 1210 vigilabat
1535 1132 1611 1188 ad
1640 1130 1841 1208 ipsum

236 1216 438 1285 Mane,
474 1216 633 1274 diem
662 1226 855 1273 totum
885 1213 1197 1271 stertebat.

1232 1210 1334 1269 Nil
1365 1211 1477 1269 fuit
1504 1229 1769 1287 unquam

235 1295 341 1354 Sic
370 1296 564 1374 impar
595 1294 735 1352 sibi.
769 1293 946 1350 Nunc
976 1291 1197 1369 aliquis
1226 1290 1388 1348 dicat
1415 1289 1562 1347 mihi
1596 1311 1609 1345 ε
1647 1312 1675 1344 (ι
1710 1288 1874 1361 Quid
1899 1291 2010 1347 tu?

236 1374 492 1434 Nullane
524 1374 713 1432 habes
742 1372 932 1430 vitia?
965 1394 992 1425 »
1027 1371 1156 1428 Imo
1186 1369 1323 1437 alia,
1362 1381 1422 1427 et
1450 1370 1711 1427 sortasse
1740 1367 2062 1426 minorast.
2113 1368 2193 1427 20

236 1453 557 1513 Maenius²⁵
588 1454 899 1510 absentem
929 1449 1190 1509 Novium
1220 1468 1356 1506 cum
1386 1459 1686 1526 carperet,
1724 1469 1752 1501 c<
1785 1446 1956 1505 Heus
1983 1460 2072 1518 tu,

237 1533 496 1606 Quidam
526 1531 628 1601 ait,
660 1531 912 1610 ignoras
941 1542 1000 1588 te
1023 1532 1049 1585 ἰ’
1076 1548 1152 1586 an
1181 1540 1249 1586 ut
1275 1528 1552 1606 ignotum
1584 1527 1727 1584 dare
1755 1526 1938 1584 nobis

235 1611 500 1671 Verba¹⁶
518 1613 738 1691 putas?
763 1643 844 1653 —
877 1608 1138 1688 Egomet
1164 1606 1246 1665 mi
1275 1607 1557 1684 ignosco,
1585 1628 1613 1660 ³>
1639 1604 1897 1663 Maenius
1930 1604 2149 1683 inquit.

287 1844 329 1882 5.
357 1840 425 1882 Ab
443 1853 539 1882 ovo.
569 1840 642 1884 On
663 1839 966 1889 commencait
984 1839 1027 1880 lc
1051 1850 1189 1892 repas

234 1892 1188 2000 2235.&effi‘02⁰1'ffi.3·i·.{¹.¹²5.⁰?}{53332·

537 1979 550 1998 ,
1174 1975 1185 1986 .

234 2022 288 2031 -
310 1999 502 2047 Citaret,
539 1997 770 2049 Ciciinom,
799 1999 854 2039 de
884 1998 1117 2040 l’Ot-ateur
1147 1997 1185 2047 1,

235 2055 287 2095 59
303 2068 314 2096 :
326 2065 539 2107 paeanem
551 2054 713 2103 citare,
726 2050 916 2094 chanter
926 2050 1061 2093 d’une
1075 2048 1186 2092 voix

234 2105 356 2148 forte
372 2120 434 2147 un
457 2108 598 2168 pean3
620 2106 679 2147 de
692 2106 827 2147 ciere.
842 2126 895 2136 —·
917 2107 965 2146 Io
983 2103 1184 2152 Bacche,

233 2158 544 2201 exclamation
555 2157 799 2211 frequente
814 2157 932 2199 dans
951 2156 1020 2198 les
1041 2156 1185 2197 chan-

238 2224 349 2255 sons
373 2212 432 2253 de
461 2211 602 2253 table.
635 2212 919 2264 Remarquez
948 2210 1141 2259 Bacche,
1163 2221 1185 2248 e

235 2264 363 2320 long.
388 2265 546 2307 Est-ce
573 2276 663 2306 une
690 2262 865 2304 licence
897 2261 1184 2318 prosodique

233 2319 507 2372 empruntee
524 2329 616 2358 aux
639 2316 849 2371 lyriques
872 2327 1010 2370 grecs
1022 2313 1043 2356 ‘x'
1061 2317 1187 2356 Sum-

235 2383 328 2419 ma,
350 2369 421 2412 les
440 2377 576 2412 notes
600 2369 764 2411 hautes
784 2368 842 2410 de
860 2367 905 2410 la
922 2367 1050 2409 voix.

292 2426 331 2466 6.
360 2426 474 2470 lma,
505 2423 683 2464 cea-d.
712 2422 802 2462 hac
831 2433 931 2462 voce
958 2432 1058 2475 quae
1090 2420 1189 2460 ima

235 2483 435 2524 resonat,
457 2475 527 2517 les
553 2481 688 2517 notes
720 2473 801 2528 qui
834 2475 1089 2515 resonnent
1116 2471 1186 2513 les

236 2529 343 2583 plus
363 2529 545 2578 basses,
559 2528 629 2570 les
642 2532 828 2568 accents
847 2526 927 2580 qui
944 2529 1060 2567 vont
1077 2536 1187 2565 avec

237 2585 280 2623 10
304 2593 391 2624 son
410 2582 469 2623 de
487 2580 532 2622 la
558 2579 814 2636 quatrieme
837 2579 993 2629 corde,
1014 2578 1058 2618 la
1079 2576 1186 2632 plus

233 2647 400 2688 grosse
411 2641 458 2676 et
467 2633 509 2674 la
520 2633 627 2688 plus
638 2631 1047 2686 grave-Chordis
1056 2635 1190 2685 quat-

238 2694 354 2736 tuor,
390 2699 566 2728 comme
603 2686 676 2728 s’il
705 2699 736 2740 y
768 2685 926 2728 avait:
959 2696 1057 2724 voce
1087 2694 1188 2737 quae

236 2740 475 2792 respondet
491 2740 663 2779 ultimae
682 2739 863 2780 chordae
891 2739 942 2778 ἰη.
959 2741 1182 2792 quattuor

236 2791 518 2832 chordarum
535 2792 737 2834 cithara.

289 2847 330 2885 7.
359 2845 547 2884 Homini
562 2846 658 2897 fuit
683 2845 759 2885 illi
774 2859 829 2880 =
855 2843 987 2884 homo
1023 2840 1187 2882 habuit

234 2897 316 2937 ille
333 2896 587 2958 (comparez
605 2895 674 2938 les
689 2909 798 2938 vers
812 2899 864 2937 18
882 2900 929 2937 et
944 2896 1028 2948 19).
1045 2894 1188 2937 Cons-

236 2947 411 2990 truisez
433 2949 551 2990 amsi
571 2962 622 2991 ce
646 2949 725 3002 qui
758 2949 878 2991 suit:
942 2950 992 2989 ιιι·
1018 2946 1192 2999 (relatif

237 3001 295 3042 de
325 3002 415 3049 illi)
449 3013 565 3054 saepe
597 3001 811 3043 currebat
844 3014 902 3042 vc
923 3007 974 3043 ut
999 2998 1185 3055 fugiens

234 3053 433 3105 hostem,
450 3065 660 3108 persaepe
680 3054 943 3106 (incedebat,
961 3052 1187 3094 marchait

234 3106 493 3161 posement)
521 3105 652 3149 velut
682 3108 763 3159 qui
788 3109 866 3159 (un
882 3106 1068 3148 homme
1087 3103 1182 3159 qui)

260 3165 380 3201 erret
412 3157 572 3210 (aurait
620 3161 768 3218 porte)
808 3172 937 3201 sacra
970 3157 1182 3201 sunonis.

272 3211 409 3253 hrase
423 3209 694 3265 irregulierc
713 3218 761 3253 et
778 3224 979 3266 presque
994 3210 1184 3253 confuse

234 3265 261 3306 a
275 3262 403 3306 force
417 3263 476 3305 de
493 3263 746 3306 concision.

288 3319 329 3359 8.
372 3319 518 3358 Sacra
548 3318 707 3370 ferret.
747 3316 837 3357 Les
866 3315 1181 3371 processions,

232 3382 317 3424 par
334 3375 534 3424 respect,
558 3369 798 3411 marchent
814 3367 1081 3411 lentement.
1102 3368 1185 3412 Ce-

231 3436 341 3518 ἶιιῖο
374 3422 644 3476 trocha‘ique
680 3428 811 3464 entre
831 3423 978 3476 sert-et
1010 3428 1058 3465 et
1090 3421 1183 3463 ha—

261 3488 283 3518 e
313 3481 377 3518 at·

284 3532 325 3572 9.
375 3527 665 3570 Teu-archas.
695 3525 928 3580 Quelques
963 3528 1182 3582 royautes

1243 1835 1509 1888 orientales,
1556 1846 1735 1878 comme
1770 1833 1887 1876 celle
1932 1834 2016 1875 dcs
2057 1833 2194 1886 Juifs,

1242 1895 1384 1945 ayant
1401 1890 1475 1931 ete
1495 1886 1701 1930 divisees
1724 1893 1857 1929 entre
1876 1894 2038 1941 quatre
2058 1888 2194 1942 prin-

1242 1955 1334 1993 ces,
1370 1954 1448 1984 ces
1481 1939 1610 1982 chefs
1643 1939 1885 1995 prenaient
1915 1938 1958 1982 le
1994 1951 2102 1981 nom
2137 1941 2195 1982 de

1242 2004 1507 2056 tetrarques
1535 1993 1804 2097 (τέτταῖες,
1830 1990 2018 2056 ἀρχοί).
2214 2047 2220 2054 .

1294 2058 1362 2097 10.
1396 2056 1540 2109 Loqui
1570 2067 1681 2098 avec
1736 2053 1972 2097 ’accusatis
2008 2053 2195 2109 signifie

1240 2108 1373 2150 avoir
1396 2120 1505 2149 sans
1524 2120 1656 2151 cesse
1684 2108 1709 2148 'a
1734 2107 1778 2148 la
1795 2107 1989 2150 bouche.
2009 2131 2063 2139 —
2084 2110 2195 2150 Om—

1241 2163 1324 2203 ηἰα
1343 2172 1534 2214 magna,
1556 2174 1614 2203 ne
1636 2160 1820 2216 parlant
1836 2160 2004 2217 jamnis
2027 2173 2117 2215 que
2135 2160 2195 2202 de

1239 2215 1514 2269 grandeurs.

1292 2271 1361 2309 11.
1380 2270 1540 2308 Mensa
1559 2267 1714 2318 tripes,
1746 2277 1926 2308 comme
1943 2265 2061 2307 celle
2080 2265 2197 2307 dont

1240 2319 1370 2373 parle
1399 2318 1549 2361 Ovide
1577 2318 1695 2359 dans
1727 2316 1773 2358 la
1802 2317 1925 2359 sablo
1954 2318 2015 2360 de
2044 2317 2196 2360 Phile-

1240 2385 1347 2412 mon
1362 2378 1405 2412 et
1431 2372 1613 2420 Baucis,
1634 2369 2036 2423 Metamorphoses,
2068 2372 2192 2421 VIII,

1240 2428 1332 2465 661.
1355 2425 1444 2465 Les
1461 2422 1612 2466 tablcs
1630 2423 1922 2465 artistement
1930 2423 2195 2465 travaillees

1239 2476 1468 2518 n’avaient
1485 2476 1624 2529 qu’un
1641 2475 1769 2529 pied.
1798 2498 1852 2506 —
1877 2475 2076 2526 Concha,
2106 2488 2195 2518 une

1241 2528 1459 2582 coquine,
1478 2540 1571 2570 non
1589 2541 1677 2569 une
1702 2527 1868 2570 saliere
1885 2528 2113 2583 d'argent.

1293 2585 1361 2622 12.
1386 2583 1570 2630 crassa,
1596 2578 1846 2634 grossiere.

1294 2637 1362 2675 13.
1393 2635 1550 2674 Decies
1568 2639 1773 2674 centena.
1801 2633 2045 2676 Sous-ent.
2083 2636 2195 2676 mil-

1243 2687 1325 2734 lia,
1348 2700 1412 2727 un
1436 2684 1617 2727 million
1649 2685 1724 2737 (de
1754 2685 2022 2737 sesterces).
2051 2686 2196 2728 Envi·

1242 2751 1327 2781 ron
1340 2742 1515 2791 200‚000
1524 2737 1694 2789 francs,
1708 2736 1902 2779 nombre
1915 2738 2049 2779 rond.
2064 2740 2197 2781 Nous

1242 2790 1422 2833 dirions
1449 2791 1508 2833 de
1535 2792 1685 2833 meme
1710 2802 1774 2831 ιιη
1792 2791 1989 2832 ιηίιιίοη.
2020 2795 2067 2833 V.
2098 2790 2194 2834 Sat.

1242 2845 1298 2893 11,
1322 2855 1392 2894 111,
1416 2847 1511 2886 237.
1529 2865 1583 2875 —
1605 2844 1797 2884 Loculis.
1821 2844 2027 2891 Loculus,
2048 2843 2195 2886 dimi-

1239 2896 1366 2939 nutis
1384 2896 1444 2937 de
1481 2897 1618 2942 locus,
1652 2894 1890 2951 s'emploie
1921 2908 1979 2936 au
2008 2896 2193 2949 pluriel.

1240 2949 1451 2993 Cassette
1482 2951 1509 2991 a
1541 2961 1695 2991 serrer
1726 2948 1785 2990 de
1818 2947 1902 2989 l'ar
1936 2954 2017 2991 ent
2050 2961 2111 2991 ou
2143 2963 2196 2993 ce

1938 3008 2001 3044 at.
2030 3013 2095 3050 νι,
2124 3006 2192 3046 74.

1291 3058 1361 3097 14.
1381 3058 1489 3102 Ima,
1508 3054 1551 3097 si
1566 3053 1667 3104 fait,
1682 3053 1800 3096 mais
1809 3054 2028 3107 d'autres‚
2045 3062 2089 3096 et
2097 3058 2195 3109 sor-

1240 3113 1360 3150 tasse
1386 3109 1571 3149 minor-a
1590 3122 1600 3150 t
1623 3106 1659 3148 il
1678 3102 1845 3161 espere
1878 3107 2017 3162 qu'on
2039 3107 2084 3151 le
2113 3122 2192 3151 re-

1238 3160 1384 3214 gau-de
1401 3171 1581 3201 comme
1599 3158 1751 3201 moins
1768 3159 1968 3203 vicieux.

1292 3217 1360 3255 15.
1379 3214 1584 3254 Mantus.
1612 3217 1657 3254 ν.
1684 3213 1778 3256 Sat.
1799 3215 1945 3264 1,101.

1289 3269 1358 3307 16.
1384 3270 1508 3307 Dare
1529 3266 1677 3310 verba,
1700 3279 1757 3306 en
1774 3267 1952 3308 donner
1970 3266 1996 3307 ὲ
2009 3266 2195 3321 garder,

1237 3323 1448 3373 tromper
1461 3332 1480 3365 ,·
1509 3318 1646 3359 verba
1671 3330 1761 3371 pro
1802 3319 1952 3360 rebus.
1986 3340 2040 3350 -
2072 3322 2198 3360 Dare

1232 3377 1392 3424 putas,
1408 3376 1644 3412 sous-ent.
1664 3377 1720 3418 te,
1740 3371 1862 3425 sujet
1881 3372 1940 3413 de
1959 3370 2195 3413 l’infinitif.

1236 3427 1351 3466 —Ut
1365 3425 1574 3476 ignotum
1584 3424 1649 3475 (se
1665 3429 1883 3478 rapporte
1894 3425 1920 3464 a
1930 3425 2004 3475 te),
2020 3435 2198 3465 comme

1238 3478 1367 3519 etant
1394 3476 1610 3517 inconnu.
1638 3474 1965 3519 construction
1996 3473 2198 3517 helleni-

1237 3543 1327 3584 que
1335 3541 1467 3571 assez
1476 3540 1577 3571 rare
1586 3528 1680 3570 soit
1687 3541 1745 3570 en
1754 3540 1894 3583 prose
1903 3527 1997 3570 soit
2004 3540 2063 3570 en
2070 3539 2196 3571 vers.

1239 3002 1353 3056 qu'il
1373 3002 1475 3044 faut
1499 3014 1620 3057 pour
1638 3000 1800 3043 ecrire.
1828 3006 1875 3043 V.
