2690 4169
531 262 958 319 EPISTOLAE,
1008 263 1091 320 11,
1141 278 1224 312 111
1270 264 1432 326 (ΑΒΕ
1483 264 1858 325 POETICA).
2082 267 2174 313 449

215 378 308 438 Ut
334 390 538 458 gratas
569 378 730 436 inter
754 398 995 436 mensas
1028 398 1157 456 sym
1206 378 1392 437 honia
1420 378 1684 449 discor8‚

218 457 303 516 Et
330 478 604 516 crassum
629 471 1026 535 unguentum,
1062 469 1121 514 et
1199 459 1344 516 ardo
1379 478 1512 516 cum
1536 458 1712 517 melle
1746 478 2015 537 papaver
2057 459 2173 518 375

218 536 578 606 Offendunt,
612 550 854 615 poterat
884 537 1022 594 duci
1054 537 1195 615 quia
1224 556 1376 595 cena
1404 537 1536 595 sine
1568 538 1704 595 istis
1729 540 1827 608 ¹⁸⁴,

220 616 327 675 Sic
351 616 569 674 animis
600 628 805 674 natum
835 616 1268 694 inventumque
1293 637 1512 694 poema
1532 614 1841 695 juvandiS,

215 695 290 753 Si
319 696 563 773 paulum
592 716 624 753 a
649 715 882 754 summo
922 695 1208 764 decessit,
1241 696 1444 773 vergit
1472 696 1546 754 ad
1571 697 1773 755 imum.

216 774 462 833 Ludere
489 775 592 853 qui
621 774 819 833 nescit
844 774 1289 852 campestribus
1321 775 1584 833 abstinet
1615 775 1913 846 armis¹⁸⁵‚

217 853 632 932 Indoctusque
660 854 798 931 pilae
827 853 1058 913 discive
1089 853 1364 913 trochive
1394 854 1675 932 quiescit,
2057 855 2174 913 380

216 932 311 991 Ne
343 933 558 1012 spissae
588 933 779 992 risum
809 932 1023 992 tollant
1050 933 1295 1011 impune
1327 934 1657 992 coronae¹⁸⁶
1675 958 1687 1003 ;

212 1011 341 1085 Qui
369 1012 567 1072 nescit
593 1032 811 1071 versus
840 1024 1040 1071 tamen
1068 1014 1250 1070 audet
1276 1013 1530 1090 fingere.
1569 1012 1834 1085 Quidni?

213 1090 407 1150 Liber
437 1102 496 1150 et
524 1092 851 1170 ingenuuS,
883 1092 1226 1170 praesertim
1263 1110 1485 1149 census
1513 1105 1858 1170 equestrem

217 1169 524 1229 Summam
557 1170 1049 1241 nummorumffl,
1082 1170 1354 1249 vitioque
1384 1182 1655 1230 remotus
1687 1174 1759 1229 ab
1791 1171 1977 1230 omni.

212 1249 312 1309 Tu
334 1249 490 1308 nihil
526 1250 715 1309 invita
738 1251 905 1308 dices
937 1250 1196 1309 faciesve
1228 1250 1629 1321 Minerva¹⁸⁸;
2043 1251 2157 1309 385

216 1328 289 1386 Id
318 1330 429 1387 tibi
449 1328 746 1408 judicium
776 1332 870 1399 'st,
905 1349 976 1388 ea
998 1349 1191 1388 mens.
1229 1329 1295 1388 Si
1325 1330 1473 1407 quid
1502 1341 1701 1388 tamen
1732 1328 1874 1388 olim

216 1406 597 1487 Scripseris,·
620 1408 684 1468 in
708 1409 880 1467 Maeci
908 1410 1242 1467 descendat
1261 1406 1491 1487 judicis
1520 1429 1701 1468 aures

214 1487 298 1545 Et
324 1488 518 1565 patris
550 1499 608 1547 et
636 1500 903 1558 nostras,
935 1507 1286 1566 nonumque
1309 1500 1624 1566 prematur
1646 1488 1707 1545 in
1738 1488 2075 1559 annum²⁸⁹‚

206 1565 592 1626 Membranis
622 1567 785 1626 intus
813 1567 1036 1646 positis
1065 1591 1078 1624 ε
1112 1568 1318 1626 delere
1343 1567 1553 1625 licebit

215 1645 397 1719 Quod
427 1667 550 1705 non
584 1646 852 1705 edideris
874 1670 888 1717 ;
922 1647 1118 1706 nescit
1136 1667 1255 1705 vox
1282 1646 1471 1703 missa
1499 1645 1749 1704 reverti.
2043 1646 2160 1706 390

297 1725 626 1785 Silvestres
658 1726 936 1784 homines
962 1745 1135 1784 sacer
1162 1726 1592 1803 interpresque
1623 1724 1895 1783 Deorum

211 1803 500 1863 Caedihus
531 1816 590 1864 et
613 1805 778 1865 victu
808 1806 1058 1864 foedo1⁹⁰
1086 1804 1383 1863 deterruit
1412 1803 1719 1882 Orpheus,

211 1883 432 1943 Dictus
463 1887 540 1944 ob
573 1884 689 1943 hoc
718 1886 911 1943 lenire
940 1885 1133 1963 tigres
1166 1884 1536 1961 rabidosque
1568 1884 1809 1954 leones;

208 1961 431 2022 Dictus
462 1975 520 2021 et
547 1964 878 2042 Amphion,
913 1964 1216 2022 Thebanae
1245 1963 1529 2021 conditor
1559 1963 1741 2032 arciS,

213 2042 372 2102 Saxa
399 2063 643 2103 movere
675 2063 828 2104 sono
856 2042 1273 2103 testudinis²⁹¹
1302 2054 1363 2101 et
1389 2061 1574 2122 prece
1600 2042 1821 2101 blanda
2044 2043 2161 2103 395

209 2197 328 2238 dans
355 2194 399 2237 le
428 2194 578 2236 meme
605 2205 731 2247 sens,
753 2193 847 2237 Sat.
876 2197 912 2246 Ι,
934 2198 1082 2240 ΠΛΟ.
1102 2216 1155 2226 -
1208 2190 1340 2234 vient
1371 2192 1430 2233 de
1460 2190 1631 2246 parler.
1659 2214 1711 2222 —
1747 2193 1899 2233 Invita
1935 2195 2159 2236 Minerva.

209 2248 512 2291 Mediocribus
540 2260 647 2290 esse.
678 2249 725 2290 V.
747 2248 844 2289 Sat.
865 2235 907 2297 ’1,
929 2261 960 2299 1,
989 2252 1053 2293 19.
1211 2244 1440 2295 Clcr'fflon,
1461 2246 1537 2285 des
1557 2246 1755 2292 Devoirs‚
1776 2247 1811 2296 1,
1830 2248 1878 2286 31
1900 2261 1908 2286 :
1927 2248 2090 2296 Invita,
2110 2253 2163 2288 ue

261 2304 355 2343 184.
392 2302 539 2343 Sardo
562 2301 709 2343 melle.
736 2300 826 2342 Les
851 2300 1071 2343 Romalns
1097 2312 1156 2342 ne
1211 2300 1359 2345 aiunt,
1389 2299 1611 2346 Minerva,
1645 2298 1695 2337 id
1721 2304 1786 2339 est
1822 2298 2091 2342 adversante
2116 2306 2163 2343 ee

208 2354 437 2410 prisaient
449 2365 534 2408 pas
548 2353 592 2396 le
613 2352 724 2395 miel
741 2353 801 2394 de
826 2351 872 2395 la
903 2352 1157 2408 Sardaigne
1209 2357 1497 2403 repugnante
1515 2357 1704 2392 natura.

209 2413 258 2449 et
275 2408 333 2449 de
352 2406 396 2448 la
410 2407 565 2450 Corse.
582 2428 636 2438 —
650 2410 862 2460 Papaver-
877 2406 1073 2471 designe
1095 2406 1156 2447 ici
1241 2405 1353 2464 .189.
1385 2405 1527 2451 Maeci,
1550 2401 1722 2464 genitif
1747 2403 1805 2444 de
1831 2405 2027 2465 Maecigts.
2057 2406 2158 2445 Μό-

208 2461 269 2503 de
289 2460 334 2503 la
355 2459 516 2514 graine
542 2460 600 2500 de
618 2464 761 2513 pavet
784 2458 921 2501 blanc
949 2459 1081 2501 rotie.
1105 2482 1157 2490 —
1212 2467 1312 2496 cius
1329 2455 1421 2497 Tar
1458 2469 1497 2507 a,
1536 2462 1731 2510 emtique
1759 2455 1882 2497 alors
1907 2462 2005 2497 tres
2033 2455 2159 2500 cele-

212 2517 337 2556 Cena
369 2514 476 2554 duci
498 2529 552 2549 =
579 2513 749 2560 cenat-i,
784 2524 962 2553 comme
995 2513 1159 2554 ducere
1211 2506 1310 2549 bre.
1337 2513 1384 2550 V.
1436 2510 1511 2549 ἀι.
1540 2509 1576 2556 Ι,
1602 2520 1647 2560 x,
1675 2511 1743 2558 38,
1774 2514 1883 2550 note
1914 2511 2159 2551 24.-Νο-

204 2567 593 2608 υἰεαηιενὶνενε.
612 2588 664 2596 -
686 2566 733 2607 Si
755 2566 956 2618 paulum
983 2577 1014 2606 a
1036 2577 1157 2607 sum-
1212 2573 1336 2601 num·
1386 2560 1511 2601 Neuf
1544 2574 1628 2602 ans
1665 2567 1739 2602 est
1775 2574 1862 2603 une
1899 2561 2157 2617 hyperbole

201 2632 280 2667 no,
304 2625 391 2661 etc.
412 2627 445 2663 11
467 2626 568 2663 n'est
582 2626 704 2681 point
723 2625 773 2662 de
793 2624 916 2672 degn-e
933 2625 989 2663 du
1006 2624 1157 2663 medio-
1209 2625 1330 2667 pour
1357 2612 1939 2677 sjgnifierplon·gten1ps.-
1961 2618 2158 2657 Prema-

209 2688 279 2716 ere
290 2688 341 2716 au
365 2678 466 2725 pire,
500 2684 527 2712 a
546 2672 618 2714 dit
645 2670 834 2713 Boileau
859 2669 969 2725 plus
988 2667 1154 2712 seche-
1211 2672 1296 2712 tus,
1320 2673 1414 2707 solt
1433 2667 1591 2720 garde,
1607 2679 1699 2708 mis
1721 2678 1778 2708 eu
1797 2669 1999 2718 rdserve,
2018 2669 2157 2711 cache

203 2730 347 2767 ment.
1208 2730 1264 2759 au
1284 2717 1459 2772 public.
1474 2721 1688 2760 —Nescit
1705 2720 1886 2761 reverti.
1907 2723 1952 2761 V.
1969 2720 2096 2775 Epit.
2117 2722 2154 2774 1,

258 2780 352 2819 185.
381 2778 566 2825 Ludere,
583 2776 699 2819 faire
726 2777 811 2820 des
828 2776 1078 2819 exercices.
1103 2780 1151 2819 V.
1208 2782 1342 2823 xvm,
1360 2774 1426 2813 71.

208 2828 303 2872 Sat.
328 2831 388 2882 ΙΙ,
415 2841 480 2881 vl,
497 2833 567 2881 49,
598 2832 774 2872 luserat
799 2833 851 2872 in
885 2832 1072 2883 campo.
1099 2852 1153 2861 —
1259 2835 1353 2874 190.
1382 2836 1531 2879 Sacer,
1548 2831 1696 2875 favori
1714 2833 1797 2874 des
1813 2833 1968 2876 dieux.
1988 2857 2041 2867 —
2062 2837 2158 2878 Vio-

210 2882 566 2937 Campestribus,
585 2885 648 2924 du
671 2883 836 2938 champ
855 2884 913 2925 de
940 2883 1075 2924 Mars.
1099 2905 1152 2914 —
1208 2892 1259 2926 tu
1275 2887 1399 2939 soedo
1419 2884 1613 2939 designo
1631 2884 1676 2926 le
1709 2885 1852 2940 gland
1883 2892 1931 2929 et
1957 2887 2003 2928 la
2027 2888 2157 2931 cheir

201 2938 375 2986 Armis,
396 2948 490 2977 non
503 2948 669 2987 armes,
692 2936 810 2978 mais
826 2936 1149 2988 instrumente,
1207 2950 1330 2979 crue.
1358 2939 1535 2980 Horace
1553 2936 1735 2980 celebre
1755 2938 1816 2980 ici
1844 2939 1914 2982 les
1935 2940 2156 2985 bienfaits

202 3001 383 3030 comme
396 2991 515 3042 pila,
534 2990 697 3038 discus,
721 2990 918 3032 trochus.
1207 2991 1267 3032 de
1283 2990 1327 3031 la
1347 2990 1521 3045 poesie.
1542 2990 1670 3047 11n’y
1687 3003 1714 3032 a
1778 2991 1884 3034 uere
1911 2993 1969 3035 de
1987 2993 2156 3038 liaison

258 3044 349 3083 186.
378 3044 500 3084 Pila.
523 3046 569 3084 V.
588 3041 682 3085 Sat.
703 3043 739 3093 Ι,
761 3054 806 3093 v,
821 3045 889 3083 49.
907 3064 960 3073 -
975 3042 1148 3084 Discus.
1207 3050 1336 3085 entre
1372 3057 1425 3086 ce
1451 3056 1651 3099 passage
1681 3051 1729 3086 et
1778 3058 1803 3086 e
1834 3047 2102 3101 precedent,
2129 3048 2156 3089 a

212 3098 257 3135 V.
279 3095 368 3138 Od.
389 3096 424 3145 1,
455 3105 538 3148 vn,
563 3098 631 3137 11.
658 3118 709 3126 —
740 3096 953 3137 Trochusr.
989 3098 1035 3136 V.
1062 3094 1149 3138 Od.
1204 3096 1361 3138 moins
1380 3110 1470 3151 que
1487 3110 1539 3139 ce
1557 3110 1616 3140 ne
1628 3097 1721 3140 soit
1744 3097 1932 3141 celle-ci
1949 3114 1959 3141 :
1979 3101 2155 3143 Horace

205 3147 285 3199 111,
302 3158 436 3199 xvm,
469 3151 537 3190 57.
567 3170 620 3179 —-
652 3152 849 3190 Coronae.
889 3153 935 3191 V.
965 3147 1089 3202 Epit.
1113 3150 1150 3200 1,
1205 3149 1336 3192 vient
1355 3151 1413 3191 de
1432 3150 1533 3192 dire
1547 3163 1636 3205 que
1650 3148 1694 3192 le
1711 3151 1848 3205 poete
1859 3152 1960 3194 doit
1973 3164 2025 3194 se
2052 3164 2155 3196 sen-

200 3210 335 3252 xvm,
355 3203 422 3242 53.
1206 3202 1270 3244 tir
1292 3215 1379 3244 une
1394 3202 1519 3244 vraie
1533 3203 1750 3246 vocation
1760 3210 1807 3246 et
1814 3205 2156 3268 perfectionner

256 3256 348 3294 187.
378 3257 619 3306 Ingenuus,
637 3253 767 3295 necle
780 3259 971 3315 parents
988 3252 1149 3296 libres.
1207 3267 1292 3296 son
1311 3255 1458 3297 talent
1483 3269 1568 3309 par
1596 3270 1657 3298 un
1687 3257 1851 3299 travail
1880 3258 2078 3299 serieux.
2113 3257 2153 3301 11

201 3326 252 3335 —
275 3309 441 3347 Census
461 3312 536 3348 est
556 3304 618 3347 ici
636 3306 866 3360 particlpe
886 3320 897 3348 ε
918 3314 1056 3361 ayant
1075 3307 1152 3348 de-
1204 3308 1357 3362 ajoute
1382 3308 1667 3350 maintenant
1693 3308 1804 3363 qu'il
1835 3309 1936 3351 doit
1966 3309 2009 3352 le
2040 3310 2153 3354 faire

200 3356 322 3399 clare
349 3359 591 3413 posseder,
617 3371 701 3413 par
726 3358 847 3401 suite
878 3360 1149 3413 possedant.
1204 3373 1290 3415 par
1307 3367 1495 3415 respect
1513 3374 1631 3415 pour
1645 3361 1690 3401 la
1703 3361 1877 3415 poesie,
1895 3364 2012 3405 dont
2030 3362 2064 3404 il
2082 3376 2153 3406 re-

200 3433 252 3442 —
271 3414 535 3465 Equestrem
557 3424 800 3453 summam.
830 3415 881 3453 V.
908 3412 1060 3466 Epod.
1084 3424 1148 3466 ιν,
1204 3419 1329 3455 trace
1348 3413 1418 3454 les
1440 3412 1660 3455 bienfaits
1680 3413 1920 3468 primitiis,
1946 3415 1989 3457 la
2006 3428 2151 3470 gran-

194 3469 309 3505 note
330 3468 368 3505 9.
1206 3466 1321 3508 deur
1338 3472 1386 3507 et
1409 3465 1453 3506 le
1477 3466 1707 3508 caractere
1730 3469 1873 3509 sacre.

253 3519 346 3558 188.
378 3519 456 3557 Tu.
493 3514 533 3557 11
570 3516 798 3559 s'adresse
834 3517 860 3558 a
900 3517 950 3559 L.
989 3516 1146 3568 Pison,
1256 3522 1349 3560 191.
1381 3519 1624 3572 Amphion.
1653 3523 1699 3560 V.
1729 3519 1856 3573 Epit.
1875 3522 1910 3569 Ι,
1929 3524 2146 3573 xvm,41.

199 3580 309 3611 sans
355 3569 587 3623 repondre
621 3569 647 3610 ὲ
687 3568 1020 3625 l’impertinent
1068 3572 1149 3625 qui
1202 3594 1255 3605 —
1272 3576 1448 3613 Movere
1468 3577 1515 3613 et
1534 3573 1693 3613 ducere
1709 3577 1817 3615 sont
1830 3574 1856 3614 a
1870 3572 2151 3629 l’imparfait.
