2690 4169
927 212 1259 303 swinze,
1313 248 1398 303 11,
1439 261 1479 295 ι.

2095 237 2185 285 269

227 374 415 435 Duxit
445 375 518 431 ab
552 389 854 465 oppressa
884 366 1164 425 meritum
1206 360 1576 421 Carthaoine
1606 376 1828 416 nomeu

230 453 488 534 Ingenio
523 449 808 509 ossensi⁴⁶
841 461 942 504 aut
981 446 1127 504 laeso
1160 443 1412 501 doluere

1434 409 1692 496 ‘Metello
1707 436 1781 504 ¹⁶⁷,

228 533 628 611 Famosisque
660 527 902 606 Lupo⁴⁸
935 535 1227 602 cooperto
1250 520 1575 581 versibus?
1603 515 1790 608 ᾼϊφῆἰ

230 612 546 672 Primores
578 607 788 687 populi
826 604 1087 679 erripuit
1118 599 1531 680 populumque
1562 588 1935 664 tr1b11t1m⁴’,

1102 1168 1305 1225 Scipion.

232 1315 482 1373 Scilicet
512 1317 618 1374 uni
650 1337 860 1396 aequus
889 1319 1103 1377 virtuti
1134 1330 1313 1397 atque
1347 1318 1478 1399 ejus
1511 1321 1743 1378 amicis.

2112 1323 2189 1381 70

229 1395 412 1467 Quin,
447 1397 553 1453 ubi
586 1416 651 1454 se
675 1417 708 1455 a
735 1398 921 1477 vulgo
950 1410 1008 1456 et
1039 1419 1224 1456 scena
1254 1419 1316 1456 in
1350 1413 1587 1457 secreta
1615 1398 1992 1459 remoram&5⁹

225 1473 435 1532 Virtus
470 1473 769 1552 Scipiadae
799 1490 856 1534 et
886 1478 1051 1535 mitis
1086 1478 1388 1554 sapientia
1417 1478 1652 1547 Lae1151,

226 1553 461 1633 Nugari
495 1574 629 1612 eum
664 1555 770 1613 illo
803 1568 861 1613 et
892 1557 1180 1622 discincti
1207 1556 1422 1614 ludere
1455 1559 1655 1616 donec

226 1632 692 1710 Decoqueretur
730 1636 864 1693 olus
908 1636 1158 1693 soliti52.
1198 1635 1512 1715 Quidquid
1553 1657 1686 1694 sum
1719 1657 1857 1714 ego,
1891 1638 2167 1717 quamvis
2223 1638 2238 1645 ”

229 1711 395 1769 Infra
425 1711 621 1770 Lucili
658 1733 907 1772 censum
940 1715 1401 1804 ingeniumque,
1435 1727 1635 1772 tamen
1666 1735 1760 1774 me

2110 1718 2186 1776 75

229 1793 373 1851 Cum
407 1792 713 1870 magnis⁵³
753 1794 982 1851 vixisse
1014 1795 1203 1853 1nvita
1233 1793 1523 1852 fatebitur
1551 1815 1745 1873 usque

231 1869 470 1929 Invidia
501 1882 560 1928 et
590 1872 793 1950 fragili
822 1894 1101 1950 quterens
1135 1874 1376 1931 illidere
1406 1875 1648 1931 dentem

226 1948 520 2007 Offendet
550 1950 839 2022 solidom,
874 1953 996 2010 nisi
1029 1953 1178 2032 quid
1211 1963 1300 2022 tu,
1338 1953 1517 2010 docte
1550 1952 1823 2023 Trebati,

226 2028 560 2088 Dissentis.

978 2130 1423 2170 TREBATlth.

583 2216 883 2295 Equidem
915 2216 1067 2273 nihil
1095 2217 1236 2276 hinc
1270 2218 1592 2276 diffindere
1606 2216 1657 2254 ⁸⁸
1686 2236 1965 2296 possum,

272 2387 338 2424 46.
368 2386 554 2437 Ingenio
573 2384 756 2434 (Lucilii
775 2384 901 2432 sunt)
927 2384 1101 2435 offensi.

272 2440 339 2478 47.
368 2440 487 2478 Laeso
507 2439 702 2477 Metello.
725 2437 777 2487 Q.
800 2435 998 2477 cecilius
1015 2435 1181 2477 Metel-

223 2487 294 2530 lus
309 2488 351 2530 le
367 2490 711 2543 Macedonique,
727 2488 983 2541 vainqueur
997 2489 1058 2528 du
1070 2487 1180 2529 faux

224 2542 437 2596 philippe
469 2543 739 2593 Andriscos,
769 2542 882 2583 etait
907 2541 1089 2583 ennemi
1121 2541 1179 2583 de

224 2595 410 2648 Scipion
429 2595 472 2637 le
486 2596 661 2637 second
687 2593 907 2635 Africain.
937 2594 1024 2636 Ces
1057 2595 1179 2635 deux

223 2660 540 2701 personnages
562 2648 745 2690 avaient
775 2647 1008 2688 ‹l'ailleurs
1033 2646 1179 2688 beau-

223 2712 340 2754 coup
361 2700 572 2742 d'estime
590 2701 685 2742 l'un
713 2713 833 2754 pour
857 2699 1032 2741 l’autre.
1056 2699 1179 2741 C’est

221 2753 449 2806 pom-quoi
470 2753 505 2795 il
520 2754 644 2795 n'eut
662 2766 746 2808 pas
767 2754 841 2796 ete
874 2754 1094 2794 etonnant
1120 2753 1177 2793 de

221 2803 325 2845 voir
342 2806 497 2847 Lelius
512 2811 558 2847 et
573 2805 762 2860 Scipion
782 2806 982 2860 prendre
998 2803 1041 2845 lc
1057 2806 1178 2858 parti

223 2858 280 2898 de
299 2857 512 2899 Metellus
532 2867 690 2901 contre
710 2858 929 2910 Lucilius,
948 2858 1055 2899 sice
1077 2858 1178 2899 der-

222 2910 321 2951 nier
339 2914 416 2952 eut
435 2912 507 2952 ete
530 2911 682 2952 moins
703 2912 802 2953 leur
818 2911 924 2952 ami.

271 2965 339 3004 48.
385 2966 431 3004 1..
474 2966 708 3005 Cornelius
753 2966 970 3006 Lentulus
1009 2965 1176 3017 Lupus,

221 3013 384 3058 consul
402 3028 461 3057 en
477 3019 554 3057 598
573 3020 664 3066 (156
682 3024 820 3059 avant
836 3019 859 3058 J
868 3017 993 3067 .-C.).
1025 3020 1070 3057 V.
1092 3016 1177 3058 des

221 3081 329 3111 vers
348 3068 406 3110 de
425 3068 629 3109 Lucilius
653 3075 812 3110 contre
840 3069 919 3117 lui,
949 3068 1064 3109 cites
1094 3081 1179 3123 par

221 3120 446 3173 Cici'znm«,
463 3122 517 3163 de
536 3123 586 3163 la
598 3125 772 3163 Nature
791 3123 867 3163 des
884 3123 1038 3168 dteux,
1054 3121 1089 3170 1,
1109 3124 1176 3163 23.

270 3177 337 3216 49.
366 3176 594 3228 Arripuit,
625 3173 839 3227 critiqua.
860 3198 912 3205 —
938 3174 1175 3222 Tributim‚

253 3240 302 3268 ar
316 3226 484 3276 tribus,
500 3240 559 3269 en
571 3238 741 3268 masse.
753 3228 1007 3275 —Scilicet,
1024 3227 1181 3269 sache-

239 3293 263 3322 e
275 3280 399 3326 bien,
412 3282 438 3320 ἐι
448 3280 554 3323 n’en
594 3292 647 3322 as
657 3279 839 3331 domet,
849 3279 1177 3322 evidemment.

230 3336 274 3375 V.
301 3331 385 3389 Ep.
409 3335 446 3384 1,
472 3345 531 3383 nt,
587 3354 669 3375 .—
686 3333 803 3387 Ejus.
835 3332 973 3374 V.0d.
990 3332 1072 3384 lv,
1090 3345 1170 3381 vn,

225 3387 289 3438 18,
318 3393 368 3430 et
388 3386 437 3429 la
463 3391 587 3427 note.

273 3441 343 3483 50.
369 3443 509 3489 Stena,
533 3448 649 3494 pour
678 3437 726 3478 la
758 3435 835 3479 vie
857 3435 1092 3492 publique.
1121 3460 1174 3467 -

223 3494 270 3533 In
292 3505 453 3543 uer-eta,
475 3492 588 3535 chez
613 3501 718 3533 eux.
742 3510 793 3521 —-
809 3491 1017 3532 Rumor-ant
1039 3505 1086 3528 =
1114 3505 1173 3529 re-

225 3558 430 3588 noverant.

1287 2386 1355 2423 51.
1393 2385 1543 2424 Virtus
1552 2384 1791 2437 scipiadae,
1808 2386 2043 2438 sapientia
2060 2389 2183 2428 Laett.

1241 2435 1541 2477 Hellenisme.
1563 2442 1605 2477 V.
1626 2436 1768 2489 Sat.1,
1786 2449 1868 2490 vn,
1884 2440 1919 2479 1.
1941 2437 2097 2480 Lelius
2117 2441 2187 2481 tut

1233 2490 1500 2529 surnomme
1518 2491 1713 2542 sapiens.

1283 2544 1353 2582 52.
1408 2543 1649 2591 Dimitte-ti,
1705 2543 1872 2595 espece
1927 2542 1985 2583 de
2037 2542 2185 2583 forme

1232 2605 1475 2646 moyenne‚
1489 2607 1667 2635 comme
1681 2608 1737 2636 en
1751 2606 1885 2648 grec:
1908 2601 2046 2649 ayant
2063 2595 2185 2637 dolie

1232 2645 1328 2686 leur
1342 2647 1548 2688 ceinture
1560 2659 1678 2700 pour
1689 2660 1739 2689 se
1754 2659 1961 2702 reposer.
1973 2652 2017 2688 V.
2032 2648 2182 2701 Epod.

1233 2708 1266 2745 1,
1287 2701 1355 2739 34.
1376 2700 1666 2752 -Nugari...
1688 2700 1856 2741 ludere.
1884 2699 2113 2751 (Σιαιὲιιοκ,
2130 2702 2185 2742 de

1233 2751 1482 2800 l’Orateur,
1522 2754 1581 2800 11,
1602 2756 1626 2792 6
1650 2767 1660 2793 ι
1692 2754 1930 2793 Laeltum...
1955 2766 2058 2793 cum
2084 2756 2184 2795 Sci-

1226 2803 1753 2857 pione...incredibititer
1762 2818 1810 2845 re
1846 2817 2081 2846 uerascere
2094 2819 2185 2847 esse

1231 2857 1391 2898 solitos
1421 2868 1523 2897 cum
1552 2869 1633 2897 rus
1654 2868 1713 2898 ex
1742 2870 1798 2897 ur
1829 2871 1873 2905 e,
1905 2865 1954 2899 ta
2021 2871 2132 2900 uam
2161 2872 2185 2900 e

1235 2910 1427 2950 vinculis
1446 2910 1757 2960 evolavissent‚
1779 2917 1866 2952 etc.
1882 2933 1934 2941 —
1949 2913 1984 2953 Ο
2006 2924 2074 2953 us.
2096 2911 2185 2956 Ces

1264 2963 1622 3006 randshommes
1639 2960 1846 3004 dinaient
1860 2959 2180 3018 srugalemex'it.

1263 3019 1351 3056 oliti
1371 3016 1557 3066 (erant).

1283 3067 1353 3107 53.
1382 3067 1581 3118 Magnis,
1601 3067 1827 3120 Auguste,
1848 3066 2047 3118 Mecene,
2072 3067 2186 3110 Pol-

1230 3115 1341 3169 lion,
1364 3118 1575 3159 Messala.
1601 3119 1672 3162 On
1694 3133 1721 3160 a
1738 3133 1801 3161 vu
1819 3118 1926 3174 plus
1950 3119 2061 3163 haut
2077 3133 2185 3162 ma-

1222 3173 1353 3223 jores
1371 3185 1428 3212 en
1448 3185 1499 3212 ce
1515 3184 1638 3213 sens.

1283 3226 1349 3264 54.
1371 3224 1553 3265 Illidere
1572 3225 1764 3271 dentem,
1782 3222 2000 3266 enfoncer
2014 3224 2059 3266 la
2073 3224 2186 3267 dent

1231 3288 1351 3330 pour
1363 3276 1518 3317 briser
1539 3289 1599 3318 un
1615 3278 1743 3330 objet
1759 3275 1939 3330 fragile.
1959 3298 2013 3308 --
2039 3278 2186 3329 Offen-

1233 3330 1306 3369 det
1325 3329 1535 3381 (dentem)
1554 3332 1715 3377 solido,
1736 3328 1779 3370 la
1790 3329 2003 3371 hem-tera
2024 3334 2184 3372 contre

1233 3394 1294 3423 un
1311 3394 1451 3434 corps
1472 3389 1684 3435 compact
1705 3389 1752 3423 et
1768 3382 2005 3424 resistant.

1282 3438 1352 3476 55.
1379 3435 1650 3487 Disfindere,
1662 3440 1808 3476 terme
1824 3434 1882 3476 de
1901 3433 2042 3481 droit,
2058 3431 2186 3474 infir-

1231 3498 1357 3537 mer,
1386 3486 1665 3530 conti-edire.
1689 3507 1744 3520 -
1769 3488 1893 3529 Hinc
1923 3500 1981 3524 =
2014 3484 2184 3529 harum

1229 3553 1371 3589 rerum,
1396 3553 1439 3579 e:
1464 3538 1525 3578 his
1544 3538 1672 3580 dictis.
1697 3537 1740 3578 V
1778 3548 1902 3592 page
1931 3548 2003 3579 ιι..
2025 3558 2083 3569 -
2104 3538 2184 3579 Sed
