2690 4169
890 234 1259 291 CARMINA,
1305 233 1424 289 111,
1472 248 1567 281 xx.

525 348 770 408 Hadriae
801 349 946 407 novi
978 348 1240 416 sinus¹¹‚
1277 358 1337 406 et

765 427 991 486 Peccet
1025 427 1294 506 Iapyxss.

2120 235 2210 282 125

1369 348 1517 426 quid
1546 348 1722 406 albus

485 542 770 601 Hostium
803 561 1029 600 uxores
1059 540 1360 619 puerique
1390 560 1585 600 caecos

490 620 770 679 Sentiant
801 632 1003 679 motus
1034 621 1293 680 orientis
1327 619 1547 678 Austri
1580 631 1640 678 et

482 699 782 779 AEquoris
812 700 1040 779 nigri¹³
1075 700 1377 757 fremitum
1414 711 1474 757 et
1503 709 1843 758 trementes·

758 779 1032 837 Verbere
1063 778 1318 857 ripasst.

522 897 624 955 Sic
656 910 716 956 et
746 897 996 975 Europe
1025 897 1270 956 niveum
1301 899 1522 957 doloso
2125 897 2200 954 25

520 976 801 1036 Credidit
831 990 1008 1035 tauro
1039 977 1197 1035 latus
1216 978 1285 1046 ¹⁵,
1324 988 1384 1035 et
1415 988 1748 1035 scatentem

518 1055 754 1115 Belluis
788 1069 1038 1133 pontum
1068 1055 1423 1135 mediasque
1449 1055 1758 1115 fraudes¹⁶

756 1135 983 1194 Palluit
1017 1137 1231 1194 audax.

517 1243 729 1323 Nuper
758 1245 821 1302 in
852 1245 1047 1324 pratis
1075 1244 1354 1304 studiosa
1380 1245 1601 1304 florum
1624 1256 1685 1303 et

517 1323 752 1383 Debitae
778 1323 1077 1402 Nvmphis
1104 1324 1310 1402 opifex
1337 1343 1603 1393 coronae,

518 1402 711 1461 Nocte
738 1387 1035 1463 sublustri
1068 1403 1223 1461 nihil
1246 1414 1414 1462 astra
1436 1415 1660 1482 praeter

752 1481 922 1540 Vidit
946 1493 1006 1541 et
1029 1484 1260 1553 undas;

512 1590 660 1664 Quae
686 1591 868 1649 simul
891 1602 1133 1650 centum
1158 1591 1363 1670 tetigit
1393 1603 1705 1669 potentem

516 1669 782 1748 Oppidis
815 1669 1130 1740 Cretenfl,
1166 1693 1193 1724 (ι
1228 1670 1415 1728 Pater
1438 1690 1497 1740 0,
1532 1670 1811 1729 relictum

514 1747 683 1807 Filiae
703 1750 752 1784 ¹⁸
777 1770 999 1808 nomen
1031 1749 1372 1828 pietasque,
1407 1749 1559 1807 dixit

750 1828 927 1886 Victa
949 1830 1178 1887 furore.

2119 1751 2195 1809 35

520 1969 548 2001 «
594 1945 773 2005 Unde
798 1966 918 2026 quo
947 1947 1132 2007 veni?
1154 1944 1339 2007 Levis
1359 1946 1409 1981 ¹⁹
1433 1965 1555 2005 una
1576 1966 1745 2006 mors
1771 1959 1865 2007 est

514 2023 838 2106 Virginum
863 2027 1076 2107 culpae.
1104 2025 1467 2107 Vigilansne
1494 2025 1672 2106 ploro

515 2105 721 2184 Turpe
751 2107 1165 2175 commissum,
1196 2126 1271 2164 an
1294 2106 1462 2165 vitiis
1489 2118 1796 2165 carentem

750 2185 936 2244 Ludit
964 2185 1229 2266 imago²⁰

2118 2188 2196 2244 40

517 2315 544 2345 «
588 2290 759 2349 Vana
784 2311 918 2370 quae
946 2302 1125 2369 porta
1154 2291 1397 2382 fugiens
1426 2292 1714 2350 eburna²¹

514 2369 828 2429 Somnium
859 2371 1068 2429 ducit?
1096 2369 1402 2429 Mehusne
1432 2371 1651 2429 fluctus

232 2535 314 2564 sur
346 2521 491 2564 Orion
525 2521 612 2565 od.
648 2522 685 2575 1,
718 2532 851 2573 xxm,
877 2524 944 2564 21.
973 2545 1027 2553 —
1055 2524 1181 2572 Ater,

231 2588 411 2618 comme
428 2576 571 2628 nigri,
593 2589 641 2617 v.
660 2578 727 2618 23.

284 2638 350 2679 11.
389 2637 523 2679 sinus
537 2666 551 2686 ,
585 2649 723 2692 parce
756 2650 845 2690 que
876 2635 1184 2689 l’Adriatique

231 2696 306 2732 est
336 2703 400 2732 un
434 2688 576 2745 golfe.
612 2689 911 2733 Construisez
932 2704 943 2731 ε
966 2702 1048 2742 ogo
1081 2690 1186 2730 novi

231 2743 343 2798 quid
363 2744 493 2785 sinus
513 2748 617 2784 ater
631 2743 823 2783 Hadriae
840 2743 919 2784 sit.
939 2743 1025 2783 Dic
1043 2748 1088 2782 et
1111 2754 1186 2782 ar-

227 2802 584 2857 gutoeproperet
613 2799 781 2836 Neaeroe
797 2796 915 2838 offic
934 2807 1023 2836 une
1042 2806 1185 2836 cons-

229 2854 435 2890 truenon
451 2847 724 2891 semblable.

289 2903 354 2941 12.
370 2899 527 2942 Albus.
554 2905 602 2944 V.
619 2901 707 2944 Od.
729 2902 765 2952 Ι,
783 2912 846 2952 vx,
863 2904 930 2942 15.
945 2924 998 2932 -
1016 2904 1070 2942 Ia
1102 2910 1183 2953 yx.

237 2957 282 2993 V.
302 2953 391 2996 od.
406 2953 443 3005 1,
459 2963 527 3004 m,
543 2956 585 2996 4.
604 2958 840 2996 —Peccet.
861 2955 1030 2996 Terme
1088 2953 1184 2993 ’au—

296 3018 362 3048 re.

229 3018 352 3108 8η13.
381 3067 531 3119 Nigri,
566 3067 754 3110 sombre
792 3080 882 3109 aux
919 3065 1183 3122 approches

229 3120 290 3161 de
309 3117 355 3160 la
372 3121 593 3172 tempete.

284 3175 353 3214 14.
395 3170 596 3222 Verbere,
625 3172 672 3236 ¹⁴?
696 3172 957 3235 battement
991 3172 1077 3214 des
1094 3184 1182 3216 va-

229 3237 351 3321 ειι1858
363 3223 989 3340 pgxggelfefiffieeuoigffgffloe'
1019 3277 1090 3319 roi
1122 3277 1183 3321 de

229 3331 464 3381 Ρῐιὸιιιοιθ,
485 3341 538 3370 se
556 3330 696 3372 laissa
713 3330 903 3373 enlever
935 3343 1021 3386 par
1044 3332 1069 3373 J
1075 3330 1182 3385 upi—

227 3390 303 3427 ter
318 3383 694 3437 metamorphos&
711 3395 771 3425 cn
784 3390 988 3435 taur-ean,
1012 3389 1060 3425 et
1076 3396 1182 3426 con-

229 3436 363 3479 duire
381 3437 405 3477 ὲ
433 3441 618 3478 travers
648 3435 694 3479 la
722 3449 823 3478 mer
850 3450 909 3479 cn
938 3432 1088 3488 Crete,
1120 3439 1180 3479 οὺ

229 3489 320 3531 olle
337 3489 503 3532 devint
520 3485 650 3531 mere
679 3490 738 3531 de
767 3490 941 3541 Minos,
973 3489 1180 3544 d’anue

230 3547 279 3584 et
297 3543 356 3584 de
374 3541 704 3584 Rhadamanto.
736 3546 785 3584 V.
816 3543 858 3582 la
891 3542 955 3584 fin
975 3543 1039 3583 du
1057 3545 1104 3582 2·
1132 3549 1181 3585 et

1234 3058 1345 3112 plus

1239 2522 1285 2563 le
1316 2526 1716 2564 commencement
1760 2521 1825 2563 du
1870 2524 1919 2563 3·
1956 2520 2077 2563 livre
2110 2522 2195 2563 des

1239 2573 1627 2628 Metamorphoses
1642 2573 1861 2619 d’ownn.

1292 2629 1358 2669 16.
1397 2627 1616 2677 fraudes,
1650 2627 1871 2681 dangers.
1906 2627 2085 2669 Horace
2120 2626 2191 2668 dit

1238 2679 1456 2721 ailleurs:
1477 2681 1575 2721 sinc
1597 2680 1782 2732 fraude,
1803 2691 1913 2721 sans
1931 2679 2124 2735 danger.
2142 2702 2195 2711 —

1237 2733 1418 2774 Palluit
1431 2738 1648 2785 pontum,
1671 2739 1868 2787 syntaxe
1891 2731 2192 2787 neologique‚

1240 2785 1439 2839 adoptee
1458 2784 1632 2840 parles
1651 2781 1815 2840 poetes
1835 2784 2138 2840 posterieurs.

1294 2841 1361 2879 1⁷.
1404 2840 1596 2879 Centum
1631 2843 1867 2892 potentem
1920 2838 2102 2891 oppidis
2142 2853 2196 2875 =

1239 2889 1632 2953 Ἑκατόμπολιν,
1673 2898 1848 2947 Iliade,
1888 2899 1954 2949 11,
2000 2899 2093 2939 649.
2147 2902 2195 2939 V.

1240 2952 1393 3016 Epod.
1406 2963 1507 3003 vm,
1518 2954 1585 2993 29.
1597 2951 1882 3005 —Nymphis
1892 2951 2052 3005 opifex
2060 2966 2115 2987 =
2123 2951 2198 2992 de-

1242 3005 1389 3069 bthm
1404 3006 1478 3059 (ex
1490 3005 1602 3059 voto)
1615 3010 1796 3046 nectens
1812 3015 2033 3045 coronam
2050 3007 2195 3058 Nym-

1294 3115 1363 3155 18.
1390 3111 1533 3152 Filiae.
1556 3107 1694 3160 Datis,
1716 3120 1837 3164 pour
1855 3120 1886 3149 a
1899 3109 2020 3162 filia,
2044 3107 2197 3150 helle—

1238 3164 1407 3205 nisme.
1431 3168 1477 3204 V.
1496 3163 1584 3205 od.
1600 3164 1636 3214 1,
1654 3173 1700 3213 V,
1736 3165 1774 3203 1.
1808 3185 1861 3192 —
1878 3163 2048 3208 Pietas,
2105 3160 2196 3203 iete

1241 3217 1429 3269 (filiale).
1450 3218 1627 3258 Relicta
1644 3221 1712 3257 est
1742 3220 1981 3256 sous-ent.
1999 3237 2053 3246 —
2113 3215 2198 3256 nde

1237 3284 1327 3325 quo
1345 3271 1459 3312 veni.
1477 3270 1718 3311 Tournure
1728 3267 1915 3310 concise
1932 3267 2080 3309 usitee
2095 3270 2199 3321 ega-

1237 3331 1414 3373 lement
1432 3343 1492 3371 on
1510 3342 1620 3384 grec
1644 3343 1654 3371 ι
1672 3319 1824 3368 πόθεν
1841 3320 1936 3369 ποῖ
1958 3317 2130 3379 ἦλθον.

1290 3387 1357 3426 19.
1388 3384 1529 3432 Levis,
1549 3388 1658 3436 trop
1683 3382 1846 3425 douce·

1289 3440 1359 3479 20.
1389 3440 1564 3530 Ipmago.
1589 3432 1832 3490 Veille-je?
1864 3445 1925 3476 ou
1956 3439 2101 3476 est-ce
2135 3446 2195 3475 un

1237 3501 1323 3531 son
1363 3499 1388 3530 e

1288 3502 1361 3585 218.
1387 3545 1533 3582 Porta
1551 3538 1745 3582 eburna.
1771 3537 1987 3581 Auusion
2006 3538 2031 3578 ὲ
2049 3536 2092 3578 la
2111 3537 2199 3579 de·
