2690 4169
453 235 547 282 276

1138 233 1464 312 SATIRAE,
1521 232 1606 287 11,
1660 246 1727 279 11.

456 348 588 407 Illis
613 348 817 407 nullus
845 360 994 419 erat,
1032 347 1163 416 sed,
1200 348 1408 416 credo,
1444 347 1554 405 hac
1585 359 1806 416 mente,
1836 350 2001 427 quod
2026 348 2255 425 hospes
2334 346 2416 403 90

451 427 719 486 Tardius
749 427 1082 487 adveniens
1111 426 1388 485 vitiatum
1420 426 1799 484 commodius
1833 447 2011 504 quam
2459 450 2470 459 ·

456 506 769 586 Integrum
798 509 947 565 edax
977 506 1262 565 dominus
1294 517 1702 564 consumeret.
1735 505 1866 563 Hos
1898 506 2126 564 utinam
2157 504 2326 564 inter

455 585 695 644 Heroas
725 597 930 645 natum
959 586 1141 644 tellus
1173 605 1266 643 me
1299 585 1497 662 prima
1525 584 1801 643 tulisset!

533 664 661 723 Das
688 665 921 745 aliquid
954 666 1143 734 famae,
1183 684 1314 743 quae
1348 664 1617 721 carmine
1649 664 1949 743 gratior⁶³
1975 682 2186 721 aurem

452 743 731 823 Occupat
758 745 1115 804 humanam?
1145 745 1413 821 grandes
1444 743 1686 801 rhombi
1721 742 2063 820 patinaeque

2331 743 2410 799 95

452 823 702 883 Grande
734 825 935 883 ferunt
963 845 1084 881 una
1113 842 1247 880 cum
1277 824 1498 880 damno
1529 824 1795 880 dedecus
1812 845 1827 892 3
1865 823 2017 879 adde

452 902 680 963 Iratum
712 914 1013 981 patruum,
1044 902 1305 971 vicinos,
1339 913 1398 959 te
1427 902 1540 959 tibi
1562 901 1835 980 iniquum
1850 901 1922 970 ⁶⁴,

453 979 534 1040 Et
564 983 790 1041 frustra
818 983 1035 1041 mortis
1067 981 1377 1059 cupidum,
1414 1000 1549 1040 cum
1580 980 1777 1039 deerit
1808 979 2009 1059 egenti

453 1060 564 1132 As,
598 1062 798 1141 laquei
831 1061 1176 1139 pretium³⁵.
1221 1084 1246 1115 t<
1281 1059 1449 1129 Jure‚
1487 1059 1703 1138 inquit,
1741 1059 2038 1118 Transius
2073 1058 2211 1117 istis

445 1140 746 1230 Jurgatur
771 1140 1044 1199 verbis⁶⁸
1072 1162 1085 1196 t
1126 1159 1240 1218 ego
1270 1139 1594 1219 vectigalia
1623 1158 1843 1217 magna

2294 1138 2408 1197 100

454 1219 838 1299 Divitiasque
870 1220 1064 1278 habeo
1094 1219 1294 1277 tribus
1335 1220 1562 1296 amplas
1593 1220 1846 1296 regibus
1860 1218 1930 1274 ⁶⁷.
1974 1241 1999 1271 >2
2037 1216 2228 1295 Erg0‚

457 1299 636 1372 Quod
667 1311 916 1377 superat
944 1318 1069 1356 non
1101 1310 1194 1356 est
1225 1298 1444 1356 melius
1475 1318 1595 1376 quo
1627 1297 1935 1355 insumere
1967 1297 2173 1374 possis
2188 1296 2278 1351 ⁶⁸?

450 1376 584 1437 'Cur
616 1389 756 1454 eget
785 1378 1076 1456 indignus
1092 1377 1140 1413 ⁶⁹
1173 1377 1518 1455 quisquam,
1553 1389 1611 1434 te
1643 1376 1869 1435 divite?
1900 1395 2086 1454 quare

455 1457 713 1535 Templa
743 1469 928 1515 ruunt
960 1456 1206 1535 antiqua
1235 1455 1473 1513 Deum?
1508 1476 1636 1526 cur,
1673 1457 1973 1533 improbe,
2012 1473 2165 1513 carae

455 1535 593 1594 Non
635 1536 864 1627 aliquid
895 1535 1106 1615 patriae
1136 1548 1302 1593 tanto
1336 1535 1607 1593 emetiris
1639 1537 1900 1593 acervo?

2293 1533 2406 1592 105

454 1615 578 1674 Uni
612 1635 899 1674 n1m1rum
925 1615 1039 1673 tibi
1069 1628 1235 1674 recte
1249 1614 1299 1649 '¹⁰
1331 1634 1576 1693 semper
1606 1626 1785 1673 erunt
1810 1616 1954 1672 res?

455 1693 506 1752 O
540 1714 799 1775 magnus
829 1694 1085 1773 posthac
1120 1694 1386 1752 inimicis
1417 1694 1613 1753 risus!
1645 1706 1860 1753 uterne

450 1773 549 1832 Ad
579 1794 757 1833 casus
789 1774 1009 1832 dubios
1035 1775 1180 1831 fidet
1211 1773 1330 1832 sibi
1364 1775 1614 1842 certiUS‚
1649 1773 1747 1830 hic
1780 1772 1882 1852 qui

451 1852 803 1913 Pluribus⁷¹
837 1853 1103 1912 assuerit
1132 1865 1393 1910 mentem
1426 1872 1773 1931 corpusque
1802 1853 2157 1930 superbum,

448 1931 548 1990 An
579 1931 708 2011 qui,
742 1944 1067 1991 contentus
1098 1951 1288 2010 parvo
1324 1944 1722 2009 metuensque
1751 1932 1959 2001 futuri,

2290 1931 2403 1988 110

450 2011 522 2069 In
599 2031 725 2082 ace,
771 2022 836 2069 ut
868 2011 1139 2090 sapienS‚
1175 2011 1398 2090 aptarit
1429 2012 1650 2069 idonea
1680 2010 1885 2071 bello?

533 2032 667 2165 (guo
697 2091 893 2170 magis
925 2091 1022 2149 his
1061 2093 1299 2161 credas,
1333 2110 1489 2168 puer
1527 2091 1689 2149 hunc
1721 2110 1837 2169 ego
1868 2109 2094 2168 parvus
2138 2088 2398 2148 Ofellum

456 2170 725 2249 Integris
751 2170 976 2248 opibus
1007 2170 1152 2230 novi
1182 2190 1307 2228 non
1339 2170 1520 2229 latius
1549 2189 1726 2229 usum

452 2248 646 2322 Quam
679 2269 843 2307 nunc
873 2248 1177 2308 accisis⁷2.
1212 2247 1440 2307 Videas
1471 2261 1693 2307 metato
1726 2248 1789 2307 in
1820 2248 2018 2329 agello

451 2327 602 2386 Cum
632 2347 854 2406 pecore
887 2341 946 2386 et
979 2329 1137 2386 natis
1171 2328 1388 2387 fortem
1418 2330 1700 2388 mercede
1734 2326 2077 2389 colonum⁷³

445 2493 695 2537 naissante.
709 2516 763 2527 -
779 2496 973 2536 Heroas.
993 2493 1225 2548 L’epoque
1243 2492 1399 2536 heroi-

437 2560 531 2602 ⁴que
549 2547 674 2590 avait
690 2547 774 2590 des
797 2559 968 2589 moeurs
988 2545 1086 2589 tres
1107 2545 1316 2602 simples-

497 2603 564 2642 63.
583 2601 797 2644 Carmine
809 2602 1009 2654 gratior.
1026 2601 1098 2644 On
1111 2599 1229 2642 aime
1241 2600 1400 2642 mieux

446 2652 669 2696 entendre
687 2652 788 2696 dire
815 2653 878 2695 du
904 2653 1014 2695 bien
1042 2653 1100 2696 de
1124 2653 1196 2695 soi
1265 2655 1395 2706 amae)

444 2720 535 2762 que
549 2705 619 2749 les
634 2705 799 2749 chants
816 2706 887 2749 les
900 2706 1009 2761 plus
1024 2705 1197 2749 divine.
1262 2706 1397 2748 fellus

442 2771 582 2814 passe
608 2758 671 2802 ici
706 2760 732 2800 a
759 2772 848 2801 une
874 2765 1003 2802 autre
1035 2758 1395 2802 consideration.

444 2835 497 2844 —
518 2813 733 2861 Dedecus,
752 2814 932 2867 oppose
951 2814 976 2852 a
993 2813 1149 2866 samae.

496 2868 563 2907 64.
599 2868 843 2907 Patr-uum.
872 2865 962 2907 Les
993 2865 1152 2907 oncles
1185 2870 1293 2906 sont
1325 2866 1396 2906 se-

443 2917 598 2960 vetes.
622 2939 676 2950 —
693 2919 923 2972 Iniquum,
942 2919 1222 2967 mecontent,
1246 2917 1393 2959 fache.

495 2973 562 3013 65.
591 2971 667 3019 As,
701 2970 859 3024 laquei
881 2971 1102 3025 pretium.
1131 2969 1392 3012 Proverbe:

441 3022 515 3065 Tu
532 3022 712 3064 n'auras
727 3034 814 3076 pas
834 3036 894 3063 un
912 3034 963 3064 as
990 3034 1109 3077 pour
1128 3021 1314 3064 acheter
1333 3035 1397 3064 un

442 3074 566 3118 licou
583 3086 703 3129 pour
721 3080 768 3116 te
791 3075 982 3128 pendi-e.

495 3131 563 3170 66.
594 3129 825 3175 Traustus,
849 3126 1133 3190 dissipateur
1162 3126 1309 3168 ruine.
1340 3149 1395 3161 --

441 3184 685 3233 larg-atur,
709 3191 888 3222 comme
914 3179 1204 3233 objurgatur.
1232 3203 1286 3212 —
1312 3184 1394 3222 In—

432 3234 560 3289 quit,
581 3232 703 3287 sujet
715 3245 774 3274 va
812 3245 866 3275 ue
885 3247 896 3274 :
919 3232 1085 3274 dit-on.

496 3289 564 3329 67.
593 3287 776 3338 Vectiga
797 3286 861 3336 ia,
882 3297 1096 3328 revenus.
1114 3286 1391 3341 —Regibus.
1419 3303 1426 3308 ⁷

448 3343 496 3383 V.
519 3352 567 3382 v.
586 3341 656 3381 45.
686 3338 935 3380 Harmonia
951 3338 1196 3382 imitativa.

494 3395 559 3435 68.
591 3395 801 3446 Superat,
833 3396 907 3433 est
938 3391 996 3434 de
1022 3397 1146 3455 trop.
1174 3415 1227 3424 —
1255 3396 1391 3434 Insu-

441 3458 577 3496 mere,
591 3444 747 3500 amplo
781 3456 832 3487 er
845 3446 884 3486 a.
903 3443 1199 3487 Construisez
1216 3460 1225 3487 :
1243 3457 1391 3486 nonne

444 3497 520 3551 (ali
556 3498 650 3551 uid)
680 3511 750 3540 me
780 3499 843 3539 'us
871 3499 971 3550 (est)
1002 3511 1090 3553 quo
1119 3498 1299 3551 (c.-a-d.
1328 3499 1391 3538 ad

441 3511 575 3606 quoffi)
598 3553 749 3606 possis
773 3552 1000 3594 insumere
1030 3552 1152 3605 quod
1169 3554 1392 3603 superat?

2290 2327 2402 2385 115

1456 2494 1706 2550 Comparez
1733 2495 1942 2545 ΡιΑυτε,
1968 2493 2226 2542 Aululaire,
2255 2493 2335 2542 111,
2359 2496 2401 2534 5.

1508 2551 1575 2591 69.
1614 2550 1847 2602 Indignus.
1894 2547 2127 2591 Sous-ent.
2159 2547 2240 2600 qui
2271 2553 2402 2597 egeat

1456 2599 1616 2654 (d’etre
1637 2602 1753 2644 dans
1780 2600 1825 2643 le
1855 2600 2051 2653 besoin).
2081 2622 2134 2631 —-
2166 2601 2220 2639 Te
2248 2598 2399 2648 divite,

1453 2652 1620 2696 ablatif
1636 2654 1815 2696 absolu.

1506 2711 1571 2749 70.
1601 2711 1747 2758 Recte,
1767 2720 1825 2749 en
1850 2705 1945 2748 bon
1972 2707 2079 2748 etat.
2114 2703 2176 2749 Ge
2199 2717 2309 2747 vers
2330 2711 2403 2747 est

1450 2759 1678 2814 ironique.
1700 2761 1762 2801 La
1781 2760 1981 2801 Fortunc
2001 2764 2077 2801 est
2098 2757 2396 2813 changeante.

1503 2814 1567 2853 71.
1599 2813 1828 2862 Pluribus,
1849 2813 1874 2852 a
1904 2811 2012 2865 plus
2033 2811 2093 2853 de
2119 2810 2326 2853 besoins.
2349 2834 2402 2842 —

1449 2867 1653 2907 Metuens
1682 2866 1849 2920 futuri.
1893 2868 1937 2906 V.
1969 2864 2058 2907 od.
2088 2864 2155 2906 111
2201 2876 2297 2916 xw,
2323 2867 2371 2905 16
2388 2879 2400 2915 3

1450 2927 1582 2966 xviii,
1604 2921 1667 2959 18.
1690 2941 1742 2949 —
1765 2920 1943 2959 Uterne.
1965 2919 2029 2958 Ne
2056 2896 2259 2971 expietis·
2269 2928 2400 2959 com-

1449 2983 1523 3013 me
1551 2971 1667 3012 dans
1694 2972 1866 3024 quisae,
1902 2976 2174 3024 quantusue,
2207 2969 2301 3014 Sat.
2339 2970 2397 3021 11,

1450 3035 1518 3070 111,
1539 3027 1616 3064 295
1636 3029 1682 3066 et
1696 3026 1797 3073 3173
1820 3025 1855 3075 Ι,
1881 3035 1926 3074 x,
1947 3026 2022 3074 213
2045 3022 2197 3065 alibis.

1502 3079 1567 3117 72.
1587 3077 1834 3118 lateat-is...
1852 3077 2012 3117 accisis
2027 3075 2199 3130 opibus.
2226 3079 2271 3117 V.
2288 3075 2396 3117 l'ar—

1484 3135 1654 3170 ument.
1674 3107 1715 3171 fi
1737 3129 1894 3171 n'etait
1918 3129 2026 3183 plus
2053 3141 2142 3182 que
2169 3130 2299 3170 colon
2328 3131 2394 3182 (V.

1467 3195 1491 3222 a
1523 3188 1633 3224 note
1664 3182 1890 3235 suivante)
1925 3183 1988 3222 dn
2024 3181 2188 3236 champ
2220 3181 2335 3224 dont
2362 3182 2398 3224 il

1448 3234 1570 3276 avait
1584 3235 1657 3276 ete
1676 3235 1998 3290 proprietaire.
2014 3256 2067 3266 -
2085 3237 2224 3277 Usum
2237 3236 2396 3329 gesse).

1504 3290 1569 3329 73.
1599 3290 1787 3330 Metam.
1817 3287 1888 3330 On
1921 3286 2044 3329 avait
2068 3291 2235 3350 arpent
2296 3292 2399 3330 tout

1447 3353 1497 3380 ee
1517 3352 1635 3394 pays
1688 3353 1773 3382 our
1793 3354 1850 3382 en
1877 3339 1991 3382 faire
2016 3339 2061 3381 la
2092 3340 2396 3382 distribution

1445 3405 1535 3433 aux
1563 3394 1644 3434 vet
1673 3406 1796 3435 rans.
1816 3416 1868 3424 —
1887 3392 2088 3434 Mercede
2111 3395 2335 3435 colonum.
2355 3392 2396 3435 11

1445 3445 1558 3488 ἐπειὴ
1584 3445 1860 3488 cultivatcur
1889 3458 2009 3500 pour
2034 3444 2079 3487 lo
2113 3452 2298 3501 compte
2333 3445 2395 3486 du

1443 3497 1775 3552 propi-iamim,
1818 3503 2099 3553 moyennant
2129 3511 2191 3540 un
2232 3497 2394 3540 salaire

1446 3551 1718 3605 determine,
1747 3552 1972 3602 mercede,
2002 3556 2049 3593 et
2074 3562 2167 3594 non
2198 3563 2394 3607 moyen-
