2690 4169
908 268 1279 325 CARMINA,
1327 269 1445 327 111,
1495 284 1544 316 v.

2153 276 2214 321 99

568 407 594 437 «
632 382 750 456 Qui
783 384 1037 461 perfidis
1071 404 1137 443 se
1170 384 1434 443 credidit
1464 383 1769 455 hostibuS,

563 462 640 520 Et
669 463 865 521 Marte
898 462 1126 523 Poenos
1157 474 1432 541 proteret
1463 463 1718 523 altero¹⁸

721 542 840 615 Qui
872 542 1005 601 lora
1032 543 1337 601 restrictis
1370 541 1614 602 lacertis

2136 547 2212 605 35

681 620 890 680 Sensit
918 621 1087 682 iners
1118 623 1438 701 timuitque
1469 635 1746 681 mortem.

566 763 592 793 «
623 737 763 810 Hic,
803 741 966 799 unde
997 740 1181 799 vitam
1214 751 1482 799 sumeret
1513 739 1836 813 inscius¹⁹,

562 817 780 876 Pacem
815 819 1018 877 duello
1049 819 1359 878 miscuit²⁰
1395 842 1406 875 ε
1444 839 1478 877 o
1511 823 1745 897 pudor!

718 897 769 955 Ο
802 919 898 956 ma
944 919 1022 958 na
1054 897 1362 978 Carthago
1393 900 1719 976 probrosis

676 976 880 1035 Altior

942 978 1095 1037 taliae
1128 977 1363 1037 ruinis!
1405 1001 1431 1033 ³>

2128 982 2208 1041 40

558 1095 606 1153 F
612 1108 781 1154 ertur
812 1096 1045 1174 pudicae
1077 1095 1359 1176 conjugis
1393 1098 1667 1156 osculum

556 1175 910 1254 Parvosque
940 1188 1138 1246 natos,
1173 1187 1239 1234 ut
1267 1177 1484 1254 capitis
1516 1177 1802 1250 minor²¹,

716 1254 811 1313 Ab
848 1275 913 1314 se
945 1254 1283 1315 removisse
1317 1268 1376 1313 et
1404 1256 1643 1315 virilem

673 1334 913 1393 Torvus
942 1334 1108 1392 humi
1140 1335 1426 1413 posuisse
1455 1336 1686 1394 vultum
1699 1336 1771 1407 ²²,

555 1451 767 1510 Donec
799 1452 1074 1511 labantes
1107 1452 1368 1511 consilio
1402 1453 1618 1513 Patres

2122 1458 2199 1515 45

556 1530 858 1589 Firmaret
888 1544 1099 1590 auctor
1127 1552 1435 1611 nunquam
1467 1533 1615 1592 alias
1647 1535 1810 1605 dato,

730 1610 1016 1690 Interque
1046 1623 1374 1669 moerentes
1407 1612 1635 1672 amicos

670 1689 978 1769 Egregius
1010 1703 1373 1768 properaret
1403 1691 1596 1750 exsul.

552 1807 738 1887 Atqui
770 1809 1000 1867 sciebat
1030 1829 1161 1888 quae
1194 1809 1312 1868 sibi
1342 1810 1643 1869 barbarus

552 1886 838 1945 Tortor2³
872 1900 1116 1965 pararet
1129 1912 1143 1959 3
1179 1908 1302 1946 non
1336 1888 1513 1946 aliter
1543 1901 1742 1947 tamen

2120 1894 2197 1952 50

708 1966 981 2026 Dimovit
1010 1970 1322 2027 obstantes
1355 1969 1740 2047 propinquos

669 2045 749 2104 Et
777 2046 1069 2125 populum
1099 2048 1334 2107 reditus
1368 2061 1702 2107 morantem

553 2165 745 2238 Quam
779 2165 831 2224 si
864 2166 1215 2225 clientum²⁴
1247 2168 1433 2247 longa
1461 2169 1729 2248 negotia,

553 2243 900 2324 Dijudicata
929 2246 1056 2313 lite,
1093 2246 1469 2327 relinqueret

707 2324 995 2383 Tendens
1024 2325 1404 2385 Venafranos
1437 2328 1499 2383 in
1532 2347 1737 2406 agrOS‚

2118 2333 2193 2389 55

668 2402 791 2462 Aut
821 2402 1342 2463 Lacedaemonium
1376 2406 1789 2465 Tarentum2⁵.

283 2622 351 2666 18.
376 2622 432 2661 Et
450 2623 600 2662 Marte
616 2636 671 2656 =
683 2625 728 2661 et
750 2621 898 2662 altero
906 2622 1072 2675 praelio
1090 2625 1185 2663 Ρω-

228 2685 310 2715 nos
323 2678 531 2728 proteret
548 2673 626 2714 ille
645 2675 774 2727 qui...
1030 2671 1035 2677 '

282 2728 348 2769 19.
382 2727 520 2775 Unde,
541 2728 600 2768 οὺ
620 2732 822 2768 trouver.
840 2749 894 2758 —
912 2728 1098 2775 Inscius,
1120 2726 1183 2769 le·

229 2791 318 2831 eon
328 2780 569 2822 doutcuse.
582 2779 791 2821 D'autres
809 2780 1089 2821 manuscrits
1101 2786 1183 2822 ont

227 2843 259 2874 a
295 2832 551 2874 tius.Alors
572 2833 689 2873 unde
708 2831 895 2886 signifie
927 2840 977 2873 ut
995 2834 1114 2883 inde,
1136 2839 1183 2875 et

227 2845 416 2938 dipend
434 2885 492 2926 de
506 2897 670 2938 pacem
688 2885 839 2925 duello
865 2887 1071 2926 miscuit:
1090 2885 1183 2927 afin

230 2937 290 2978 de
308 2942 495 2979 trouver
514 2937 648 2979 d’une
662 2934 865 2979 maniere
880 2937 987 2993 plus
1006 2940 1179 2991 seante,

228 2988 338 3044 plus
356 2987 512 3043 digne,
532 3002 618 3032 son
635 2989 771 3033 salut.

282 3043 350 3083 20.
378 3043 603 3093 Duellum,
621 3043 767 3085 forme
784 3042 1006 3085 ancienne
1020 3043 1079 3086 de
1094 3043 1181 3086 bel-

230 3095 342 3136 lum.
357 3115 411 3125 —
424 3097 601 3145 Pacem,
619 3096 735 3137 dans
750 3095 794 3137 le
813 3108 922 3138 sens
938 3097 995 3137 de
1009 3096 1147 3138 traite
1166 3113 1176 3139 :

228 3146 265 3188 il
283 3159 309 3188 a
328 3145 448 3188 mele
460 3147 485 3187 ὲ
498 3146 543 3188 la
554 3147 741 3190 hataille
767 3161 827 3190 un
849 3155 998 3202 pacte,
1023 3150 1176 3191 cea-d.

227 3199 264 3242 il
281 3212 307 3241 a
327 3199 555 3241 demande
571 3201 728 3244 merci.
748 3224 802 3233 —
820 3203 993 3250 Ruinis,
1016 3202 1185 3244 ablatif

228 3253 288 3295 de
308 3248 527 3295 muniere.

279 3308 347 3349 21.
366 3306 544 3360 Capitis
564 3306 725 3347 minor.
749 3307 907 3360 Capite
920 3307 1179 3349 deminutus

227 3365 293 3401 est
325 3360 409 3413 qui
434 3359 485 3399 in
518 3358 716 3399 hostium
740 3365 1013 3412 potestatem
1042 3362 1171 3401 venit.

225 3411 414 3455 Cea-d.
435 3409 575 3466 qu'on
590 3410 747 3453 n’etait
766 3411 873 3466 plus
892 3412 1077 3467 citoyen
1096 3426 1177 3455 ro-

226 3464 380 3517 main;
398 3476 461 3506 on
478 3475 537 3506 ne
563 3464 786 3518 comptait
810 3464 918 3519 plus
977 3477 1063 3508 our
1087 3479 1177 3507 une

225 3516 1060 3625 Ξὲἓῗέἳῗνὲεΐῖξὲῗίἑθιῖἶξέΐἒέξε,
1074 3531 1178 3626 ῤ’..ἳῗ

1239 2627 1336 2663 met
1353 2635 1438 2677 pas
1459 2623 1766 2665 d'embrasser
1781 2637 1832 2666 sa
1848 2625 2021 2668 famine
2037 2643 2051 2680 3
2070 2629 2105 2670 il
2122 2632 2192 2672 n'a

1239 2675 1348 2729 plus
1367 2675 1426 2717 de
1444 2675 1632 2718 famine.

1290 2731 1358 2769 22.
1390 2731 1568 2776 Torvus,
1598 2730 1794 2772 austere.
1814 2753 1869 2762 —
1893 2733 2089 2785 Vultum,
2119 2748 2190 2779 e.-

1237 2780 1340 2822 a-d.
1363 2783 1527 2829 oculos,
1548 2781 1731 2824 baisset·
1748 2781 1819 2825 les
1835 2796 1974 2838 yeux.
1994 2808 2048 2817 —
2065 2790 2189 2830 Auc-

1238 2839 1324 2882 tor,
1348 2834 1462 2874 dont
1480 2834 1512 2874 il
1532 2834 1654 2876 avait
1677 2833 1953 2880 l'initiative.
1974 2861 2027 2869 —
2045 2844 2190 2894 Egre-

1234 2888 1355 2939 gius,
1378 2886 1529 2937 noble,
1550 2887 1778 2942 glorieux.

1291 2942 1358 2980 23.
1376 2943 1549 2981 Tortor.
1565 2942 1626 2981 Le
1637 2940 1865 2985 bourreau
1877 2944 2191 3009 carthagInois

1238 2991 1508 3044 (barbarus,
1547 2995 1784 3048 (swanger)
1821 2995 2095 3041 l’attendmt.
2141 3006 2187 3044 V.

1237 3045 1353 3086 dans
1383 3045 1590 3097 ciceron,
1620 3046 1674 3088 de
1710 3049 1901 3102 Officiis,
1934 3051 2014 3100 ΙΙΙ,
2045 3054 2112 3104 27,
2146 3053 2190 3096 le

1234 3100 1385 3140 meme
1403 3104 1700 3141 mouvement
1726 3116 1735 3143 τ
1761 3104 1850 3143 Nec
1875 3109 1970 3144 tum
1994 3107 2189 3157 ignora·
2266 3114 2273 3119 ‘

1236 3150 1329 3192 bat.

1286 3206 1352 3244 24.
1387 3205 1613 3245 clientum
1628 3206 1768 3259 longa
1783 3210 1982 3260 negotia.
2006 3210 2092 3251 Les
2113 3224 2190 3265 pa-

1233 3255 1427 3298 triciens
1447 3257 1618 3300 etaient
1644 3266 1843 3302 souvent
1868 3261 1962 3303 fort
1989 3266 2187 3318 occupes

1232 3309 1258 3350 ὲ
1275 3321 1495 3364 arx-anger
1508 3310 1578 3352 les
1592 3310 1776 3353 affaires
1791 3313 1850 3354 de
1863 3313 1987 3355 leurs
2003 3314 2186 3368 clients‚

1232 3362 1311 3456 ξιξ
1332 3360 1427 3456 (ΙΙέῗΙ
1437 3363 1643 3455 lclmatin
1661 3365 2006 3426 remplissaient
2022 3367 2066 3409 le
2084 3382 2188 3411 ves-

1253 3428 1269 3455 ι
1306 3428 1333 3454 u
1433 3429 1457 3456 e
1496 3429 1578 3456 eur
1593 3429 1787 3459 maison.

1284 3470 1352 3508 25.
1391 3470 1721 3522 Venafranos...
1749 3474 2007 3512 Tarentum.
2030 3473 2186 3514 Vena-

1230 3518 1301 3561 fre
1321 3520 1417 3573 (qui
1437 3533 1462 3561 a
1480 3523 1704 3564 conserve
1721 3534 1809 3565 son
1834 3524 1975 3577 nom),
1994 3523 2107 3567 ville
2126 3527 2185 3568 de

1232 3572 1494 3627 Campanie.
1524 3576 1570 3618 V.
1604 3578 1664 3628 11,
1691 3592 1748 3628 ιν,
1777 3580 1841 3630 11,
1867 3581 1935 3620 12.
