2690 4169
253 3486 316 3526 20.
349 3487 469 3525 Pars
485 3483 647 3525 mundi
664 3485 845 3527 inclusa
864 3487 1058 3540 fervidis
1078 3498 1156 3529 ca-

202 3536 388 3589 loribus,
407 3535 453 3579 13
480 3549 594 3580 zone
613 3536 809 3581 torrido.

804 236 1173 292 CARMINA,
1223 235 1340 290 ΙΙΙ,
1387 247 1575 281 xvul.

647 351 712 410 Si
744 363 974 431 quaeret
1005 370 1205 409 PATER
1238 367 1484 408 omnum

448 431 771 490 Subscribi
805 432 1022 489 statuis
1041 431 1112 500 ¹⁸,
1142 428 1500 487 indomitam
1531 426 1749 485 audeat

644 562 982 621 Refrenare
1012 561 1341 629 licentiam,

448 641 669 701 Clarus
700 654 842 719 post
870 641 1119 720 genitis,
1157 651 1457 719 quatenus
1485 638 1603 696 heu
1637 637 1808 696 nefas

640 720 941 779 Virtutem
973 720 1338 778 incolumem
1373 717 1614 777 odimus
1636 718 1707 786 ¹⁹,

448 800 759 859 Sublatam
791 821 863 857 ex
889 799 1085 858 oculis
1117 798 1445 877 quaerimus
1477 796 1691 856 invidi.

648 923 811 996 Quid
840 923 1053 981 tristes
1083 920 1502 1001 querimoniae,

449 1002 515 1059 Si
543 1022 669 1061 non
700 1001 1005 1079 supplicio
1038 1002 1217 1078 culpa
1246 999 1583 1058 reciditur?

649 1080 812 1154 Quid
841 1082 1034 1160 legeS‚
1071 1081 1203 1139 sine
1234 1079 1513 1138 moribus

443 1160 647 1230 Vanae‚
681 1159 1030 1239 proficiunt,
1057 1160 1110 1218 si
1142 1177 1340 1238 neque
1376 1156 1630 1217 fervidis

647 1292 801 1349 Pars
833 1291 1072 1350 inclusa
1103 1290 1415 1350 caloribus
1438 1291 1489 1325 ²⁰

444 1371 661 1429 Mundi
692 1391 804 1429 nec
830 1371 1045 1429 Boreae
1073 1370 1396 1428 finitimum
1428 1369 1586 1427 latus

631 1449 998 1529 Durataeque
1032 1449 1165 1508 solo
1195 1449 1370 1508 nives

445 1528 850 1588 Mercatorem
880 1529 1155 1609 abigunt,
1183 1528 1496 1587 horrida2¹
1527 1526 1732 1585 callidi

642 1665 911 1723 Vincunt
939 1684 1184 1743 aequora
1207 1664 1444 1732 navitae,

442 1744 734 1823 Magnum
767 1744 1095 1824 pauperies
1127 1743 1531 1822 opprobrium
1549 1743 1599 1779 ²²
1621 1741 1799 1822 jubet

642 1822 901 1896 Quidvis
932 1835 992 1882 et
1017 1823 1214 1881 facere
1249 1834 1308 1880 et
1332 1822 1480 1901 pati,

442 1902 824 1982 Virtutisque
852 1903 1013 1961 viam
1043 1902 1276 1961 deserit
1306 1904 1509 1960 arduae
1528 1905 1553 1957 'a‘

629 2034 693 2093 *V
695 2034 753 2094 el
779 2036 959 2095 nos²³
993 2035 1056 2094 in
1088 2033 1481 2115 Capitolium,

438 2114 578 2187 Quo
611 2114 842 2173 clamor
867 2128 1047 2174 vocat
1070 2127 1129 2173 et
1156 2117 1338 2173 turba
1364 2115 1690 2174 faventium
1709 2115 1782 2185 ²⁴,

639 2193 751 2251 Vel
781 2214 897 2253 nos
929 2195 992 2251 in
1022 2214 1187 2252 mare
1219 2194 1562 2273 proximum

439 2272 727 2331 Gemmas
757 2284 817 2331 et
846 2273 1106 2352 lapides,
1142 2294 1355 2332 aurum
1392 2284 1452 2332 et
1481 2274 1695 2332 inutile
1713 2274 1786 2344 ²⁵,

640 2404 872 2464 Summi
903 2407 1217 2464 materiem
1246 2406 1412 2476 mali,

439 2484 772 2543 Mittamus.
811 2484 1125 2543 Scelerum
1155 2485 1210 2543 si
1241 2486 1405 2544 bene
1430 2485 1709 2564 poenitet,

640 2564 967 2622 Eradenda
990 2564 1299 2642 cupidinis

438 2643 623 2703 Pravi
656 2655 798 2702 sunt
827 2644 1143 2713 elementa,
1180 2656 1239 2702 et
1266 2655 1493 2702 tenerae
1524 2643 1708 2700 nimis

257 2904 324 2946 18.
352 2904 399 2944 Si
416 2909 602 2956 quaeret,
622 2902 696 2944 s'il
712 2909 823 2945 veut
840 2903 981 2958 qu’on
993 2902 1147 2945 derivo
1253 2905 1321 2943 21.
1352 2903 1434 2954 (Si)
1458 2902 1667 2944 horrida.

199 2967 283 2996 sur
303 2953 349 2996 la
366 2954 478 2996 base
497 2955 556 2997 de
570 2967 649 2997 ses
669 2960 872 2998 statues:
894 2960 1037 2997 Pater·
1062 2967 1147 2996 ur-

206 3007 342 3056 bium,
357 3007 470 3049 titre
479 3007 733 3051 d'honneur
740 3009 1150 3064 analogueaPater
1204 3020 1347 3062 oppro
1377 3021 1513 3050 num.

197 3061 384 3113 patriae,
400 3065 448 3101 et
465 3061 493 3100 ὲ
512 3060 714 3103 d'autres
731 3061 872 3103 titres
893 3061 1152 3116 posterieu-
1257 3063 1324 3103 23.
1353 3064 1459 3103 Nos.
1488 3059 1760 3102 Nominatif.

204 3117 381 3155 rement
393 3112 572 3155 donnes
585 3115 612 3155 ἐι
624 3114 850 3168 quelques
867 3127 1151 3170 emperenrs,

203 3177 380 3207 comme
410 3168 552 3206 Pater
574 3167 819 3219 legionum,
843 3170 1151 3217 exercituum,

204 3222 416 3268 Senatus,
447 3224 534 3260 etc.
555 3219 617 3259 La
633 3227 830 3275 syntaxe
848 3227 923 3264 est
941 3221 985 3262 13
1003 3223 1154 3263 meme

200 3284 311 3314 avec
324 3269 551 3313 subscr-ibi
566 3271 755 3325 qu‘avec
773 3274 879 3324 dict,
903 3275 1080 3316 audire.
1099 3297 1154 3306 --

2084 234 2171 280 121

2091 639 2171 698 30

2088 1080 2167 1138 35

2088 1526 2168 1584 40

2086 2031 2165 2089 45

2083 2484 2161 2542 50

1256 2957 1322 2996 22.
1368 2956 1431 3019 Si)
1444 2956 1695 3009 pauperies
1712 2955 1830 3009 (quae
1840 2957 1924 3006 est)
1940 2965 2161 3008 magnum

1259 3116 1327 3155 24.
1364 3118 1517 3157 Vocat.
1549 3114 1639 3156 Les
1677 3111 2003 3156 acclamations
2037 3121 2084 3157 et
2115 3113 2161 3156 la

1206 3166 1369 3210 faveur
1389 3166 1630 3221 publique,
1651 3166 1733 3221 qui
1751 3179 1811 3208 en
1836 3173 1998 3210 serent
2015 3167 2060 3209 13
2080 3170 2160 3209 re-

1209 3232 1475 3275 compenso,
1509 3220 1704 3262 doivent
1732 3232 1850 3262 nous
1878 3233 2163 3276 encourager

1207 3273 1235 3315 ὲ
1250 3285 1416 3315 verser
1431 3284 1519 3316 nos
1546 3272 1780 3316 richesses
1800 3273 1917 3315 dans
1945 3273 1990 3315 le
2005 3275 2162 3317 tresor

203 3325 396 3375 Audeat,
417 3335 528 3366 sens
546 3323 796 3379 imperatis.
1209 3325 1268 3369 de
1284 3325 1470 3380 Jupiter
1484 3324 1734 3380 Capitolia.

254 3380 319 3420 19.
349 3379 638 3428 Incolumem,
658 3378 857 3422 vivante.
879 3384 923 3422 V.
943 3380 1071 3435 Epit.
1092 3381 1151 3432 11,
1258 3381 1327 3422 25.
1345 3382 1552 3429 Gemma,
1561 3378 1742 3432 pierres
1751 3378 1950 3430 miudes,
1962 3379 2159 3431 camees,

206 3443 235 3485 1,
260 3433 378 3473 1-14.
1209 3435 1299 3475 otc.
1330 3454 1390 3464 -—
1415 3433 1626 3486 Lapides,
1668 3431 1850 3485 pierres
1884 3431 2156 3485 precieuses

1207 3497 1294 3539 par
1310 3484 1648 3537 elles—memes,
1666 3484 1840 3540 perles,
1859 3489 1946 3526 etc.
1976 3505 2031 3516 —-
2046 3486 2161 3525 Inu-

1210 3540 1304 3589 tile,
1321 3537 1518 3581 funeste.
1540 3559 1594 3572 —
1606 3538 1765 3582 pravi.
1782 3541 1829 3581 V.
1846 3536 1937 3580 Od.
1955 3547 2020 3590 x1‚
2038 3538 2107 3579 39.
