2690 4169
492 223 585 272 320
1155 220 1484 278 SATIRAE,
1533 223 1616 278 11,
1662 237 1774 271 vn.

495 336 565 394 In
639 354 775 394 uem
803 354 1011 393 manca
1040 334 1164 393 ruit
1190 354 1435 413 semper
1459 335 1783 395 fortuna³⁷.
1818 337 2085 398 Potesne

493 415 588 473 Ex
662 414 714 472 is
731 414 779 448 ³⁸
804 426 870 472 ut
900 414 1220 492 proprium
1250 413 1397 493 quid
1422 418 1724 474 noscere?
1749 415 2032 496 Quinque
2062 418 2286 477 talenta

492 493 705 552 Poscit
733 505 791 549 te
824 493 1127 563 mulier-⁹⁶⁹,
1154 505 1354 563 vexat,
1390 494 1746 573 foribusque
1770 498 2084 576 repulsum

491 572 822 631 Perfundit
845 571 1132 651 gelidam.
1169 571 1412 631 Rursus
1436 586 1634 632 vocat.
1665 574 1855 654 Eripe
1880 577 2046 655 turpi

496 651 670 711 Colla
695 649 842 730 jugo
867 674 881 722 ;
919 674 945 705 <c
978 651 1155 720 liber,
1189 651 1349 709 liber
1379 670 1511 710 sum
1545 675 1572 706 2>
1604 652 1702 712 dic
1732 673 1863 733 age.
1894 655 2032 714 Non
2057 654 2195 735 quis
2214 656 2293 729 ⁴¹3

493 731 692 811 Urget
717 730 876 789 enim
909 731 1192 788 dominus
1212 730 1257 764 4²
1290 742 1553 789 mentem
1582 752 1706 790 non
1736 734 1916 803 leniS,
1951 745 2010 792 et
2039 753 2210 795 acres

494 808 805 889 Subiectat
827 809 993 868 lasso
1027 809 1307 868 stimulos
1334 821 1663 889 versatque
1694 825 2038 891 negantem.

569 888 687 948 Vel
711 907 846 948 cum
879 887 1177 946 Pausiaca
1203 899 1439 966 torpeS,
1474 889 1708 959 insane,
1741 892 1963 950 tabella
1977 893 2051 963 ⁴⁸,

495 968 614 1043 Qui
639 986 856 1046 peccas
883 967 1083 1025 minus
1112 980 1289 1045 atque
1322 987 1463 1046 eg0,
1498 988 1632 1027 cum
1660 969 1833 1030 Fulvi
1866 970 2243 1051 Rutubaeque

490 1047 615 1108 Aut
645 1045 994 1105 Pacideiani
1011 1046 1062 1081 ⁴⁴
1089 1058 1374 1104 contento
1401 1048 1633 1125 poplite
1663 1049 1855 1107 miror

490 1126 714 1185 Praelia
736 1125 982 1183 rubrica
1010 1125 1172 1202 picta
1196 1137 1295 1182 aut
1325 1127 1589 1184 carbone
1608 1128 1681 1196 ⁴5,
1715 1129 1878 1187 velut
1905 1130 1957 1188 si

494 1205 736 1264 Revera
760 1214 1052 1283 pugnent,
1084 1204 1322 1273 feriant,
1351 1204 1663 1284 vitentque
1695 1220 2007 1266 moventes

490 1282 678 1343 Arma
705 1283 866 1341 viri?
894 1283 1166 1361 Nequam
1191 1293 1251 1340 et
1277 1295 1557 1343 cessator
1582 1285 1787 1345 Davus
1803 1288 1853 1323 '⁴⁶
1868 1311 1883 1357 3
1911 1298 1971 1346 at
1990 1286 2124 1366 ipse

495 1362 754 1422 Subtilis
778 1373 1051 1420 veterum
1077 1359 1262 1439 judex
1293 1372 1353 1419 et
1382 1363 1636 1421 callidus
1668 1366 1839 1425 audis
1858 1368 1929 1424 ⁴⁷.

492 1441 595 1502 Nil
627 1441 832 1521 egon,
870 1440 923 1499 si
948 1441 1142 1499 ducor
1171 1439 1298 1499 libo
1329 1441 1593 1500 fumante
1612 1465 1628 1514 3
1663 1444 1775 1502 tibi
1810 1446 2030 1525 ingens

489 1520 702 1580 Virtus
732 1531 910 1598 atque
942 1519 1178 1577 animus
1211 1519 1381 1578 cenis
1405 1534 1733 1611 responsat
1757 1525 1979 1602 opimis
1998 1526 2092 1582 ⁴⁹?

495 1599 874 1678 Obsequium
908 1598 1142 1657 ventris
1175 1598 1323 1656 mihi
1356 1600 1768 1676 permciosius
1803 1617 1895 1662 est
1926 1608 2077 1664 cur?

494 1680 698 1758 Tergo
721 1679 961 1756 plector
997 1678 1178 1736 enim.
1219 1677 1405 1750 Qui⁵⁰
1438 1689 1502 1737 tu
1534 1679 1911 1759 impunitior,
1947 1685 2049 1743 illa

493 1759 640 1831 Quae
670 1777 859 1835 parvo
894 1756 1050 1815 sumi
1081 1769 1393 1834 nequeunt
1425 1777 1558 1820 cum
1590 1762 1850 1821 obsonia
1880 1767 2128 1841 captas?

491 1838 723 1916 Nempe
755 1836 1205 1894 inamarescunt
1236 1837 1427 1914 epulae
1454 1836 1587 1895 sine
1617 1840 1735 1899 fine
1767 1843 2056 1919 petitae⁵¹‚

493 1916 785 1995 Illusique
862 1917 1006 1973 edes
1028 1914 1074 1949 ⁵²
1107 1915 1396 1974 vitiosum
1425 1917 1584 1975 ferre
1616 1934 1903 1981 recusant

493 1995 759 2074 CorpuS.
852 2014 891 2051 n
924 1994 1024 2052 hic
1048 2006 1260 2070 peccat
1291 1998 1407 2057 sub
1437 2008 1677 2057 noctem
1704 2001 1806 2078 qui
1839 2021 1993 2078 puer
2015 2021 2185 2060 uvam

491 2074 742 2136 Furtiva
770 2084 960 2133 mutat
990 2073 1308 2150 strigili53,
1344 2075 1448 2153 qui
1476 2077 1707 2154 praedia
1734 2081 1945 2141 vendit

1027 2163 1049 2188 Ο

2367 580 2446 638 65

2369 974 2447 1032 70

2369 1370 2447 1428 75

2370 1765 2448 1823 80

542 2261 612 2301 37.
644 2261 826 2306 Manca,
839 2259 1051 2308 esti-opido
1080 2256 1166 2301 des
1189 2257 1357 2310 mains,
1378 2270 1451 2301 e.-

490 2311 585 2355 ὲοᾱ.
604 2310 825 2362 inhabile,
844 2309 1170 2364 impuissante.

541 2366 611 2406 38.
641 2366 712 2405 Ex
741 2363 828 2413 his,
863 2362 923 2404 de
950 2374 1029 2404 ces
1049 2362 1204 2406 traits.
1229 2385 1283 2395 —
1314 2364 1447 2417 Quid,

491 2423 656 2461 neutre
677 2416 735 2457 de
749 2417 853 2470 quis
873 2414 1083 2457 indefini.

545 2473 614 2512 39.
647 2470 856 2523 Quinque
878 2470 1072 2511 talenta.
1090 2468 1152 2509 Le
1170 2467 1333 2516 talant,
1354 2480 1450 2510 ma-

491 2522 622 2566 niere
641 2524 701 2565 de
725 2527 936 2575 compter
955 2522 1039 2564 des
1068 2520 1227 2572 Grecs,
1256 2520 1448 2563 valait'a

489 2573 697 2640 Atbenee
727 2577 851 2627 5,5⁶0
879 2573 1035 2616 francs
1067 2575 1127 2617 de
1152 2580 1286 2616 notre
1309 2586 1448 2615 mon-

491 2641 612 2672 mue.

543 2685 612 2726 40.
636 2680 810 2723 Gelida.
830 2678 1072 2723 Suus-ent.
1088 2689 1231 2733 aqua.

543 2737 612 2778 41.
644 2735 768 2788 Quis,
789 2731 848 2775 de
867 2745 996 2786 queo.

544 2790 612 2829 42.
627 2787 863 2829 Dominus.
882 2784 944 2827 Ce
957 2785 1138 2836 maitre,
1153 2783 1267 2826 e’est
1284 2782 1328 2825 la
1339 2794 1447 2839 pas-

492 2840 613 2883 sion.
640 2843 689 2883 V.
706 2851 753 2881 v.
773 2840 841 2889 49,
857 2840 924 2890 50,
946 2841 1010 2879 55.

543 2895 612 2935 43.
654 2890 903 2941 Pausiaca,
932 2889 990 2932 de
1023 2888 1230 2938 Pausias,

493 2941 678 2987 celebre
693 2944 752 2985 de
771 2942 983 2998 Sicyone,
996 2942 1060 2984 du
1074 2952 1142 2983 xv·
1157 2939 1251 2983 siec
1274 2945 1448 2983 eavant

493 2998 520 3040 J
524 2997 607 3039 .-C.
630 2996 670 3039 11
686 2994 898 3051 peignait
913 2990 1341 3050 particulierement
1361 2993 1447 3035 des

496 3050 697 3093 enfants.
737 3047 971 3101 Lucullus,
1009 3050 1138 3091 etant
1172 3047 1199 3088 a
1222 3045 1445 3097 AtheneS,

1502 2261 1663 2356 garde,
1675 2262 1719 2305 le
1727 2264 1875 2319 jarret
1882 2266 2041 2308 tendu.
2053 2287 2106 2298 --
2120 2266 2331 2313 mabrica,
2347 2278 2449 2309 cat*-

1533 2326 1628 2363 one,
1665 2329 1723 2358 en
1750 2330 1909 2372 rouge,
1935 2332 1993 2360 en
2020 2317 2138 2360 noir.
2160 2318 2357 2373 11s·agit
2388 2321 2446 2361 de

1503 2367 1718 2410 tableaux
1741 2371 1975 2424 grossiers
2006 2370 2085 2425 qui
2105 2378 2295 2414 servent
2314 2372 2446 2414 d’en-

1503 2421 1691 2476 seignes
1753 2436 1837 2465 our
1871 2422 1985 2466 faire
2022 2424 2176 2466 savoir
2253 2424 2355 2467 u'on
2387 2437 2447 2467 va

1503 2475 1682 2517 donner
1749 2489 1799 2518 es
1826 2476 2034 2519 combats
2054 2477 2112 2519 de
2143 2476 2221 2532 gla
2256 2477 2443 2520 iateurs.

1552 2530 1620 2568 46.
1654 2531 1876 2579 Cessator,
1892 2530 1974 2584 qui
1993 2529 2110 2572 ssane
2130 2536 2177 2572 et
2198 2541 2250 2572 se
2269 2528 2353 2573 fait
2370 2536 2447 2573 at-

1502 2582 1664 2623 tendi-e
1679 2614 1689 2633 ,
1735 2585 1940 2637 pendant
1982 2583 2095 2637 qu'il
2138 2582 2334 2637 regardo
2367 2596 2447 2627 ces

1502 2633 1652 2676 beaux
1698 2636 1900 2678 dessins.
1930 2635 2076 2680 Sous-
2089 2642 2182 2679 ent.
2203 2636 2359 2678 audio.
2396 2641 2443 2679 V.

1502 2686 1547 2729 le
1564 2698 1671 2730 vers
1690 2688 1887 2731 suivant.
2140 2689 2143 2694 ’

1552 2742 1616 2781 47.
1648 2742 1807 2790 Audis,
1822 2747 1872 2783 tu
1888 2742 2087 2784 entends
2102 2741 2203 2784 dire
2217 2742 2275 2785 de
2283 2741 2368 2794 toi,
2386 2754 2445 2785 on

1498 2797 1547 2835 te
1565 2804 1761 2835 nomme.
1793 2797 1839 2835 V.
1861 2794 1956 2838 Sat.
1983 2806 2047 2846 vt,
2067 2798 2136 2838 20.
2157 2818 2210 2827 -
2232 2798 2347 2850 Ipse,
2378 2795 2448 2838 toi

1497 2857 1608 2888 mon
1622 2847 1803 2889 maitre.

1550 2901 1615 2939 48.
1648 2900 1726 2941 Nil
1743 2911 1838 2953 ego,
1852 2899 1902 2954 je
1921 2897 2020 2940 suis
2032 2912 2094 2940 un
2106 2898 2315 2952 vaurien,
2334 2899 2445 2942 moi.

1550 2953 1619 2994 49.
1638 2954 1902 3004 Responsat.
1930 2956 1977 2994 V.
1995 2965 2041 2994 v.
2058 2954 2128 3003 59,
2147 2957 2257 2995 note
2275 2955 2342 2994 35.
2359 2952 2448 2996 Sur

1500 3004 1544 3045 la
1562 3004 1692 3059 place
1715 3005 1772 3047 de
1791 3018 1874 3046 cur
1899 3006 1925 3045 a
1950 3003 1996 3046 la
2023 3004 2087 3046 fin
2115 3005 2173 3048 dc
2189 3005 2233 3047 la
2259 3005 2444 3060 phrase,

1297 2887 1446 2930 eintre

497 3113 622 3155 avait
640 3111 803 3155 achete
823 3112 946 3154 deux
964 3109 1135 3153 talents
1152 3121 1237 3151 son
1257 3103 1448 3162 Στεφα-

493 3164 763 3219 νόπλοκος.
783 3194 837 3206 -
855 3177 1035 3227 Tor-pes.
1058 3175 1105 3215 ν.
1124 3170 1218 3213 Sat.
1232 3170 1276 3221 1,
1292 3179 1357 3220 xv,
1370 3171 1445 3210 27:

494 3231 653 3283 Stupet
692 3225 856 3269 Albius
886 3238 989 3266 aere.
1027 3246 1081 3256 —
1108 3226 1261 3265 Minus
1294 3227 1448 3276 atque,

494 3292 674 3325 comme
692 3280 845 3322 minus
862 3290 932 3320 ac.
961 3282 1007 3318 V.
1030 3275 1124 3320 Sat.
1145 3277 1227 3328 I,[1,
1248 3277 1315 3317 46.

547 3336 615 3376 44.
645 3333 844 3380 Fulvius,
864 3329 1050 3372 Rutuba
1076 3334 1124 3371 et
1145 3329 1452 3371 Pacideianus

495 3391 607 3430 sont
634 3385 719 3427 des
747 3382 1049 3447 gladiateurs.
1067 3383 1146 3445 ‚15³
1170 3381 1355 3424 dernier
1378 3383 1453 3422 est

495 3436 958 3536 ῗέῗιῖΐκΡέὲῗι-(ἑὲἶί
971 3434 1454 3531 {33333213233235225

549 3546 618 3586 45.
661 3545 879 3584 Contenta
901 3543 1079 3595 poplite
1107 3542 1267 3590 mir-or,
1293 3539 1343 3594 je
1374 3550 1454 3579 re-

1509 3063 1555 3101 V.
1576 3057 1668 3100 Sat.
1689 3068 1757 3109 111,
1777 3060 1870 3100 187.

1554 3113 1621 3152 50.
1654 3111 1756 3164 Qui,
1775 3109 2042 3165 pout-quoi?

1553 3165 1617 3204 51.
1641 3166 2001 3214 [namara-cunt,
2022 3160 2315 3217 s’aigrissent
2331 3163 2447 3206 dans

1501 3215 1751 3260 l'estomac.

1554 3272 1621 3312 52.
1642 3271 1787 3317 lilasi,
1800 3268 2070 3325 hypallago;
2084 3273 2388 3323 proprement
2396 3281 2447 3310 se

1504 3327 1723 3377 rapporte
1741 3324 1766 3362 ἐι
1786 3321 2000 3366 l'homme
2017 3322 2134 3364 ivre.

1557 3378 1625 3419 5³.
1652 3378 1843 3417 Furtiva
1857 3377 2047 3430 strigili,
2062 3386 2149 3417 une
2169 3371 2321 3415 etrille
2337 3372 2448 3427 qu'il

1506 3441 1533 3471 a
1547 3429 1698 3472 volae.
1733 3429 1817 3472 Cet
1841 3428 2124 3471 instrument
2149 3425 2314 3481 appele
2330 3428 2446 3467 ctri-

1506 3484 1617 3536 giiis
1652 3482 1765 3524 etait
1797 3495 1884 3524 une
1920 3487 2046 3524 sorte
2082 3482 2140 3522 de
2165 3478 2364 3533 grattoir
2389 3478 2448 3521 de

1509 3548 1662 3588 corne,
1676 3535 1867 3578 d'ivoire
1883 3547 1944 3577 ou
1967 3535 2025 3577 de
2044 3533 2200 3575 cuivre
2217 3544 2337 3587 pour
2351 3536 2450 3574 net-
