2690 4169
1190 238 1564 295 CARMINA,
1614 241 1664 296 1,
1710 253 1793 289 xx.

735 353 976 414 Praeliis
1008 357 1230 425 audax;
1259 374 1459 433 neque
1485 366 1545 413 te
1577 354 1777 416 silebo

731 432 941 503 Liber,
976 446 1036 493 et
1066 434 1243 493 saevis
1274 434 1522 493 inimica
1549 434 1726 514 virgo
1740 434 1793 473 ¹⁸

733 512 992 579 Belluis,
1026 532 1141 572 nec
1169 523 1250 582 te,
1284 514 1609 572 metuende
1641 525 1809 573 certa

967 591 1198 651 Phoebe
1228 591 1468 671 sagitta.

732 734 948 794 Dicam
979 746 1039 795 et
1064 734 1348 804 Alciden,
1381 754 1732 814 puerosque
1762 736 2030 810 Ledaeu,

733 814 913 873 Hunc
942 814 1140 894 equiS,
1174 813 1344 873 illum
1378 834 1672 891 superare
1705 814 1999 895 pugnis¹⁸

731 892 1037 962 Nobilem,
1115 912 1331 952 uorum
1364 893 1546 953 simul
1578 892 1776 952 alba¹⁶
1805 894 2009 955 nautis

973 971 1102 1030 Stel
1130 992 1165 1030 a
1191 972 1454 1042 refulsit,

731 1115 959 1175 Defluit
987 1116 1152 1175 saxis
1183 1118 1447 1196 agitatus
1477 1116 1741 1186 umor¹⁷‚

733 1192 1081 1254 Concidunt
1105 1196 1272 1255 venti
1305 1195 1668 1275 fugiuntque
1698 1197 1899 1256 nubes

732 1272 812 1332 Et
839 1273 1062 1344 minax,
1097 1276 1261 1354 quod
1287 1274 1379 1334 sic
1404 1273 1743 1344 voluere¹⁸,
1782 1285 1975 1352 ponto

965 1352 1148 1412 Unda
1172 1353 1494 1413 recumbit.

2376 1196 2458 1258 30

730 1495 1057 1556 Romulum
1087 1509 1231 1576 post
1258 1497 1374 1557 hos
1405 1498 1602 1576 priuS,
1637 1517 1712 1556 an
1745 1496 2015 1576 quietum

731 1573 1000 1654 Pompili
1028 1596 1287 1657 regnum
1317 1596 1669 1647 memorem,
1705 1596 1781 1635 an
1813 1577 2119 1654 superbos

728 1654 1024 1734 Tarquini
1052 1657 1272 1726 fasces,
1310 1656 1546 1725 dubim,
1580 1675 1656 1714 an
1689 1654 2004 1714 Catonis¹⁹

969 1734 1190 1793 Nobile
1218 1734 1427 1794 letum.

2378 1655 2457 1714 35

732 1877 1060 1957 [Regulum
1090 1889 1151 1937 et
1179 1878 1448 1939 Scauros
1478 1878 1809 1958 animaeque
1840 1878 2136 1958 magnae²⁰

728 1955 1068 2038 Prodigum
1100 1957 1380 2028 Paulum,
1415 1971 1743 2037 superante
1775 1957 1992 2029 Poeno,

730 2034 955 2096 Gratus
985 2035 1216 2117 insigni
1247 2037 1570 2097 referam²¹
1607 2035 1895 2096 Camoena

967 2117 1435 2196 Fabriciumque
1448 2118 1497 2152 2²
1515 2141 1530 2187 ;
2378 2119 2457 2176 40

728 2258 907 2318 Hunc
940 2273 998 2318 et
1024 2261 1355 2340 incomptis
1389 2260 1704 2321 Curium²³
1735 2260 1975 2340 capillis

727 2337 954 2397 Utilem
984 2339 1146 2400 bello
1175 2340 1316 2400 tulit
1345 2352 1405 2399 et
1436 2338 1757 2398 Camillum

542 2593 606 2632 13.
640 2591 786 2644 Virgo,
808 2588 968 2633 Diane.

542 2645 607 2685 14.
617 2646 787 2684 Pueros
796 2644 935 2691 Ledae,
951 2643 1021 2685 les
1029 2654 1365 2699 garcens,pour
1373 2644 1444 2687 les

487 2695 564 2739 fils
578 2695 637 2738 de
656 2696 802 2738 Leda:
829 2696 900 2738 les
923 2696 1190 2749 Dioscures,
1214 2696 1381 2741 Castor
1398 2704 1446 2740 et

486 2748 670 2792 Pollux.
685 2752 835 2803 Tuque
879 2761 1046 2803 uer-que
1062 2755 1166 2792 tuus
1176 2750 1293 2792 dans
1303 2751 1444 2794 Vmo.

539 2805 605 2844 15.
634 2805 672 2842 P
736 2803 820 2849 ιιίς,
871 2814 922 2843 es
985 2803 1145 2857 oings,
1175 2801 1219 2844 le
1238 2804 1444 2858 pugilat3

486 2853 583 2913 πὺξ
607 2814 789 2916 ἅγιοιιῧὸν
810 2853 946 2902 Πολυ
981 2853 1212 2905 εύκεα.-
1240 2864 1447 2906 Nobilem

490 2916 1201 3013 ‘¹‘4’ff‘31'513AE‘3-‘3123ss²2⁰¹²0¹3
1219 2922 1357 3011 ”3³⁶5

485 3019 548 3062 Et
579 2998 721 3062 simul
752 2983 866 3062 {elba¹
883 3000 1041 3063 eorum
1073 3000 1212 3064 stelle}
1228 2981 1443 3076 're'sulkia

493 3075 536 3114 V.
562 3073 650 3116 od.
673 3083 773 3123 vm,
794 3076 818 3114 9
836 3088 847 3116 :
868 3075 951 3128 qui
966 3076 1118 3123 simul,
1142 3081 1230 3117 etc.

543 3128 607 3168 17.
638 3126 821 3179 Defiuit,
846 3132 935 3169 ete.
956 3126 1089 3168 L’eau
1107 3129 1269 3182 portee
1330 3140 1384 3169 ar
1402 3127 1447 3170 la

487 3179 692 3233 tempete
723 3189 806 3219 sur
836 3178 907 3221 les
937 3179 1127 3222 rochers
1147 3179 1299 3222 s'ecou
1321 3193 1361 3222 e.
1394 3202 1447 3212 -

490 3231 757 3273 concidunt.
786 3230 1038 3287 Comparez
1061 3239 1264 3275 stravere
1298 3240 1449 3275 ventos

490 3283 549 3325 de
567 3282 689 3325 l'ode
708 3294 810 3326 vm.

543 3338 607 3378 18.
650 3336 850 3378 voluere.
874 3335 1037 3379 Castor
1053 3343 1102 3380 et
1120 3337 1302 3380 Pollux.

543 3391 608 3432 19.
641 3389 844 3431 catonis.
857 3388 1002 3432 Caton
1021 3389 1255 3444 d'Utique.
1267 3390 1450 3433 -L’in·

498 3445 610 3481 terr.
637 3454 683 3479 ne
701 3447 775 3482 est
798 3447 1023 3483 sous-ent.
1058 3444 1197 3496 apres
1227 3444 1450 3486 Romulum.

498 3492 674 3547 Ellipse
697 3493 944 3548 frequente
958 3506 1016 3536 en
1069 3505 1172 3537 rose
1194 3507 1372 3538 comme
1392 3508 1451 3539 en

497 3556 623 3588 vers.
648 3546 717 3588 Cf.
740 3546 865 3601 Epit.
890 3548 927 3598 1,
954 3560 1015 3596 xx,
1066 3548 1114 3599 3;
1141 3561 1236 3599 xvi,
1263 3549 1326 3590 12.

1549 2594 1618 2634 20.
1644 2590 1898 2645 Prodigum
1916 2593 2082 2633 animas
2100 2604 2296 2647 magra.
2317 2593 2458 2637 Paul-

1498 2643 1665 2697 Emile,
1686 2643 1798 2699 pere
1817 2644 1880 2685 du
1908 2644 2253 2700 Macedonique,
2288 2647 2414 2702 perit
2432 2650 2458 2689 ἐι

1502 2696 1682 2740 Cannes
1719 2709 1778 2738 en
1815 2696 2067 2739 cherchant
2106 2700 2133 2739 ὲ
2164 2700 2353 2754 reparer
2387 2700 2459 2743 les

1499 2748 1651 2792 santes
1671 2748 1731 2791 de
1747 2761 1837 2792 son
1856 2748 2066 2804 collegae
2089 2752 2286 2795 Van-ron.

1553 2805 1620 2844 21.
1653 2805 1822 2844 Gratus
1853 2805 2073 2856 reseram.
2106 2804 2230 2846 Pour
2259 2804 2407 2859 plaire
2433 2806 2460 2846 ix

1499 2854 1602 2897 leur
1632 2854 1856 2896 memoire
1874 2855 1895 2897 ἲ
1923 2868 1984 2898 ou
2009 2855 2245 2899 bienvenu
2265 2859 2324 2900 de
2350 2864 2461 2901 tous

1500 2907 1570 2950 les
1589 2906 1846 2951 Romains?

1552 2963 1619 3002 22.
1638 2960 1891 3009 Fabricius,
1914 2959 1959 3002 le
1987 2956 2173 3003 celebre
2199 2961 2458 3018 vainqueur

1501 3014 1559 3057 de
1579 3013 1803 3069 Pyrrhus.

1555 3076 1624 3118 23.
1656 3075 1822 3116 Curius
1849 3077 2088 3123 Dentatus,
2124 3074 2244 3117 celui
2277 3075 2358 3131 qui
2389 3089 2459 3118 re-

1497 3126 1603 3169 fusa
1627 3125 1714 3169 l’or
1734 3127 1819 3169 des
1848 3125 2096 3170 Samnites.
2121 3150 2174 3159 -
2193 3132 2346 3170 Incom
2382 3131 2454 3172 tis.

1501 3181 1590 3223 Les
1606 3178 1749 3222 vieux
1764 3178 1984 3223 Romains
1999 3178 2317 3235 negligeaient
2351 3194 2457 3223 eurs

1503 3233 1712 3276 cheveux
1731 3238 1780 3275 et
1796 3232 1900 3274 leur
1916 3232 2077 3285 barbe,
2102 3245 2193 3287 que
2223 3234 2456 3276 d’ailleurs

1502 3285 1563 3328 ils
1589 3284 1825 3340 portoient
1841 3285 1997 3340 longs,
2021 3286 2211 3333 latomi,
2245 3299 2411 3329 encore
2432 3288 2457 3328 a

1502 3337 1559 3380 l’e
1594 3350 1716 3393 oque
1758 3338 1817 3379 de
1851 3337 1997 3380 Caton
2029 3339 2100 3389 (11⁶
2140 3336 2282 3381 siecle
2318 3346 2457 3381 avant

1500 3351 1649 3444 leg).
1667 3391 1755 3433 Les
1805 3389 1999 3433 remiers
2021 3395 2223 3434 tonsores
2242 3392 2300 3435 de
2313 3392 2456 3435 Rome

1556 3444 1744 3486 vinrent
1797 3456 1821 3485 e
1839 3442 1977 3487 Sicile
1993 3455 2050 3484 au
2070 3454 2143 3485 111·
2163 3443 2305 3487 siecle
2319 3451 2456 3487 avant

1501 3456 1645 3548 fec„
1671 3496 1837 3539 ceu-d.
1865 3508 1921 3537 au
1947 3501 2104 3552 temps
2133 3497 2192 3540 de
2219 3496 2264 3540 la
2289 3510 2457 3554 guerre

1503 3555 1664 3593 contre
1679 3549 1878 3591 Tarento
1897 3552 1946 3591 et
1964 3547 2190 3605 Pyrrhae.
