2690 4169
669 253 975 302 COUPES
1012 254 1112 301 DU
1146 254 1339 302 VERS
1379 253 1875 311 DACTYLIQUE
2156 271 2242 303 xx»

358 368 541 420 Avant
569 368 622 419 la
650 367 726 419 fin
758 368 831 420 du
856 368 1105 438 premier
1129 368 1261 438 pied
1297 387 1308 418 :

518 507 655 570 Quid
667 511 691 554 ι’
712 507 720 571 Ι
745 508 835 570 qui
855 507 1076 571 deperiit
1100 508 1271 555 minor
1295 523 1399 555 uno
1418 523 1595 555 mense
1616 509 1699 556 vel
1719 524 1913 557 anno...

510 577 671 640 Γὶὅνέ,
700 577 708 641 Ι
733 578 869 625 bono
890 578 1134 641 claroque
1158 577 1330 625 fidelis
1356 577 1520 625 amice
1540 578 1748 626 Neroni.

1338 647 1530 705 Nitere,
1561 664 1720 710 porro

526 717 678 765 Vide.
703 717 712 779 Ι

356 849 542 920 Apres
571 849 625 903 le
653 850 906 920 premier
922 850 1058 921 pied
1087 870 1100 903 ι

514 989 658 1036 Adde
681 988 779 1037 hos
807 996 1062 1052 praeterea
1080 1005 1253 1047 casus,
1280 989 1449 1038 aulaea
1470 995 1628 1038 ruant
1646 989 1709 1047 si,

517 1058 936 1192 gie'ilg‘liimpeio
956 1129 1215 1193 Grospho,
1242 1135 1296 1178 et
1318 1129 1362 1177 si
1389 1128 1512 1192 quid
1537 1136 1680 1192 petet
1699 1130 1838 1177 ultro

512 1199 666 1261 Deset·
687 1211 705 1246 .·
729 1198 736 1262 Ι
761 1198 836 1247 nil
859 1198 1133 1262 Grosphus
1156 1199 1261 1247 nisi
1281 1214 1465 1247 verum
1483 1198 1656 1246 orabit
1675 1205 1725 1247 et
1749 1215 1971 1263 aequum.

355 1328 540 1398 Apres
565 1346 640 1380 un
665 1328 896 1381 trochee
927 1348 996 1381 au
1027 1330 1237 1382 second
1263 1329 1398 1400 pied
1425 1348 1436 1379 ε

1335 1467 1543 1531 Accipis
1568 1483 1742 1524 uvam,

513 1536 699 1600 Ρῐιῖἶὸε,
728 1542 840 1586 ὀνᾶ.
864 1537 873 1601 Ι

1115 1607 1273 1655 Caret
1293 1606 1394 1654 tihi
1416 1613 1599 1671 pectus
1624 1607 1768 1654 inani

506 1676 834 1740 Ammaous..
1565 1690 1568 1691 ⁷

356 1808 540 1878 Apres
570 1827 646 1862 un
676 1809 898 1880 dactyle
928 1810 1003 1862 du
1034 1809 1242 1863 second
1266 1809 1400 1878 pied
1431 1828 1441 1860 :

509 1941 764 2011 Pleraque*
783 1947 996 2012 differ-dt
1015 1946 1023 2009 Ι
1049 1952 1100 1994 et
1121 1962 1355 2010 praesens
1379 1946 1436 1993 in
1458 1952 1666 2010 tempus
1688 1946 1911 1996 omittat.

509 2022 697 2065 Lt‘csisti
718 2021 861 2081 εᾶέῖε,
889 2016 896 2080 Ι
921 2016 1076 2065 edisti
1101 2017 1288 2064 satis...

513 2093 679 2137 Poscit
701 2094 844 2153 opem
867 2088 1048 2136 choreis
1069 2088 1077 2149 Ι
1103 2095 1154 2135 et
1171 2088 1455 2151 praesentia
1475 2088 1694 2136 numina
1726 2089 1898 2138 sentit.

354 2215 538 2285 Apres
563 2232 636 2266 un
662 2212 882 2283 dactyle
907 2214 982 2265 du
1009 2212 1318 2275 troisieme‚
1352 2230 1414 2265 ce
1439 2213 1536 2283 qui
1562 2230 1739 2283 coupe
1770 2214 1824 2265 le
1849 2231 1978 2265 vers
2002 2232 2070 2267 en
2095 2215 2242 2269 deux

283 2293 571 2346 trimetres
601 2312 612 2344 ε

511 2431 711 2480 Dicitur
733 2432 916 2479 Afrani
938 2430 1084 2495 toga}
1109 2430 1415 2478 convenisse
1440 2430 1742 2478 Menandro.

509 2501 716 2550 Vicinus
739 2501 890 2549 urbes
913 2498 1038 2558 alul
1061 2505 1113 2548 et
1135 2514 1295 2562 grave
1320 2499 1479 2547 sentit
1495 2506 1746 2548 aratrum.

351 2626 475 2678 Aux
498 2624 641 2677 trois
674 2633 871 2696 quarts
903 2625 976 2675 du
1003 2623 1316 2694 quatri'eme
1351 2642 1364 2674 ε

502 2755 714 2803 Viribus
738 2753 928 2802 editior
951 2753 1167 2801 cedebat
1187 2753 1196 2816 Ι
1220 2755 1278 2801 ut
1301 2752 1356 2799 in
1381 2768 1542 2817 grege
1565 2760 1769 2801 taurus.

352 2890 536 2961 Apres
583 2887 637 2941 le
678 2886 737 2940 5ο
768 2887 921 2958 pied,
956 2903 1029 2939 ou
1055 2903 1126 2939 au
1170 2885 1383 2948 milieu,
1412 2902 1487 2938 ou
1521 2903 1628 2939 aux
1663 2886 1806 2939 trois
1838 2896 2035 2956 quarts
2068 2886 2137 2939 de
2178 2904 2243 2939 ce

283 2968 414 3039 pied
456 2988 467 3019 τ

510 3096 747 3159 Scriptor
770 3094 962 3143 abhinc
987 3110 1152 3142 annos
1172 3101 1380 3142 centum
1406 3094 1496 3156 qui
1520 3093 1739 3157 άὲοἴάϊιΙ
1764 3093 1898 3142 inter

503 3167 766 3216 Perfectus
786 3170 1091 3227 veteresque
1115 3164 1299 3212 referri
1325 3163 1488 3227 debet,
1512 3164 1521 3226 Ι
1546 3166 1613 3211 ἄη
1636 3163 1772 3210 inter

504 3235 646 3285 Viles
670 3239 826 3297 atque
849 3236 1044 3281 novos?

506 3304 608 3361 Qui
635 3309 811 3367 stupet
832 3302 887 3350 in
909 3302 1078 3351 titulis
1102 3308 1154 3350 et
1176 3302 1491 3365 imaginibt'cs
1523 3318 1533 3348 ε
1559 3303 1568 3365 Ι
1594 3302 1720 3365 quid
1741 3306 1947 3365 &portet
1962 3303 2042 3350 ¹...

283 3498 388 3592 vitit
405 3496 636 3591 gsl'quu‘
658 3494 818 3549 θέοι-ς.
835 3495 911 3548 IV,
935 3497 1007 3536 151
1028 3509 1038 3537 :
1061 3492 1111 3538 Si
1130 3506 1256 3548 vero,
1274 3493 1493 3549 quoniam
1519 3505 1655 3538 casus
1683 3492 1843 3549 apibus
1860 3505 2036 3548 qnoque
2052 3499 2241 3536 nostros

324 3561 339 3590 ι
478 3562 491 3589 ι
