2690 4169
267 2548 293 2586 5
344 2546 522 2593 Laturi,
556 2544 713 2587 resolu
750 2544 776 2585 ὲ
812 2549 1078 2598 supporter.
1111 2565 1164 2574 —

215 2600 377 2647 Mente,
416 2610 595 2640 comme
624 2599 793 2645 animo,
825 2609 935 2638 avec
966 2595 1010 2637 le
1040 2608 1165 2637 coeur

1017 264 1271 320 EPODI,
1320 280 1360 312 1.

374 375 472 433 An
504 376 663 436 hunc
688 379 981 448 laborem,
1014 392 1213 438 mente
1242 379 1423 438 laturi
1452 380 1628 437 decet

615 456 749 530 Qua
773 459 931 516 serre
964 478 1087 516 non
1121 459 1336 517 molles
1363 458 1615 517 viros⁸?

377 571 669 631 Feremus
686 598 700 644 ;
738 586 796 633 et
823 588 881 633 te
905 576 1001 634 vel
1027 596 1140 653 per
1168 577 1414 654 Alpium
1437 574 1587 654 juga

615 652 1053 733 Inhospitalem
1084 667 1144 713 et
1171 655 1532 724 Caucasum,

377 757 488 817 Vel
522 759 876 821 Occidentis
908 783 1101 842 usque
1135 765 1208 822 ad
1232 764 1509 823 ultimum
1532 763 1732 821 sinum

617 839 788 899 Forti
820 862 1148 921 sequemur
1177 855 1447 921 pectore.

381 948 589 1027 Roges
614 953 818 1009 tuum⁶
860 953 1069 1010 labore
1110 953 1254 1031 quid
1281 951 1488 1031 juvem
1520 969 1656 1008 meo

621 1028 913 1101 Imbellis‚
944 1051 1011 1090 ac
1039 1033 1249 1090 firmus
1277 1051 1512 1109 parum.

381 1135 603 1197 Comes
634 1140 869 1198 minore
899 1160 1032 1200 sum
1064 1143 1301 1200 futurus
1332 1140 1395 1198 in
1424 1151 1608 1209 metu,

620 1218 738 1292 Qui
767 1217 961 1299 major
983 1222 1268 1279 absentes
1292 1221 1528 1288 habet⁷‚

381 1325 464 1384 Ut
493 1327 774 1387 assidens
799 1329 1192 1406 implumibus
1229 1329 1415 1408 pullis
1447 1329 1575 1386 avis

622 1407 1011 1486 Serpentium
1031 1409 1300 1487 allapsus
1323 1408 1495 1466 timet

383 1515 581 1595 Magis
613 1517 902 1586 relictis⁸‚
938 1538 1084 1588 non,
1120 1528 1186 1576 ut
1217 1517 1432 1587 adsit⁹‚
1468 1516 1650 1576 auxili

618 1595 843 1655 Latura
871 1597 1010 1675 plus
1048 1597 1478 1675 praesentibus,

381 1705 673 1764 Libenter
702 1706 818 1764 hoc
849 1718 908 1765 et
936 1726 1115 1764 omne
1153 1704 1573 1763 militabitur¹⁰

616 1785 852 1844 Bellum
883 1786 945 1843 in
969 1798 1085 1844 tuae
1115 1804 1286 1863 spem
1328 1784 1559 1864 gratiae,

381 1892 518 1951 Non
551 1906 616 1952 ut
646 1891 914 1953 'uvencis
945 1894 1175 1972 illigata
1211 1894 1492 1971 pluribus

674 1985 840 2031 ratra
864 1974 1136 2032 nitantur
1163 1973 1379 2044 meast,

382 2083 656 2144 Pecusve
687 2081 965 2142 Calabris
993 2097 1129 2143 ante
1162 2084 1334 2143 sidus
1366 2083 1664 2143 fervidum

617 2163 865 2222 Lucana
888 2174 1077 2222 mutet
1106 2163 1438 2242 pascuisffl,

379 2273 506 2333 Nec
529 2285 597 2333 ut
625 2272 879 2351 superni
903 2272 1047 2332 villa
1071 2275 1338 2331 candens
1370 2272 1621 2331 Tusculi

623 2350 856 2410 Circaea
894 2362 1102 2431 tangat
1142 2352 1446 2409 moenia¹³.

215 2650 323 2692 d’un
352 2650 538 2693 homme
571 2650 786 2698 vaillant,
818 2661 909 2690 non
923 2649 1089 2691 molus.
1115 2670 1161 2680 —
1218 2659 1349 2689 omne
1364 2648 1496 2688 aliud
1514 2646 1696 2690 bellum.

213 2707 348 2746 Decet
412 2716 488 2745 ua.
523 2702 821 2746 Construisez
849 2717 860 2744 :
896 2708 1042 2744 mente
1073 2712 1167 2756 qua

213 2756 339 2798 decet
354 2768 473 2798 varos
491 2768 583 2796 non
601 2757 758 2798 molles
778 2767 880 2797 eum
891 2757 1032 2809 serre.

266 2811 307 2850 6.
340 2813 496 2851 Tuum.
512 2808 745 2851 Sous-ent.
765 2807 982 2849 laborem.
1003 2829 1055 2839 -
1075 2810 1168 2849 Ro-

212 2878 306 2921 ges.
331 2863 403 2904 Tu
425 2873 500 2902 me
528 2861 833 2904 demanderas
850 2872 910 2903 ou
925 2860 1171 2902 demande-
1223 2858 1362 2901 effert
1378 2858 1462 2899 des
1481 2857 1641 2900 boeufs.

212 2929 309 3012 ”3¹15
326 2915 608 3021 Ῑξῗιιιιίῂῗιῖἷᾶι.
640 2967 804 3016 Habet,
835 2978 1014 3009 comme
1034 2972 1168 3008 tenet.

1254 2555 1308 2583 ue
1338 2541 1570 2583 debellata
1600 2544 1713 2584 rixa
1743 2548 1790 2585 et

1247 2597 1299 2636 ‘a-
1333 2617 1385 2626 -—
1405 2599 1501 2635 Hoc
1528 2602 1570 2635 et
1599 2608 1727 2636 omne
1744 2612 1799 2632 =

1275 2914 1342 2954 12.
1373 2915 1612 2953 Pecusve...
1646 2918 1788 2953 mucce
1821 2914 2026 2966 pascuis,

1225 2977 1315 3019 que
1332 2976 1433 3006 mes
1462 2963 1720 3006 nombreux
1745 2970 2003 3019 troupeaux
2030 2979 2053 3007 c
2089 2979 2175 3009 an-

2080 259 2168 307 171

2100 456 2175 513 10

2100 951 2173 1010 15

2095 1407 2172 1463 20

2094 1894 2169 1953 25

2094 2356 2170 2413 30

1854 2550 2033 2596 agnata
2051 2557 2172 2598 prae-

1850 2609 1902 2637 oc
1930 2595 2099 2639 bellum
2127 2604 2171 2639 et

1277 2703 1344 2742 11.
1375 2703 1475 2740 Non
1503 2706 1566 2747 ut,
1598 2705 1684 2742 ctc.
1714 2701 1821 2743 Non
1848 2713 1968 2755 pour
1990 2702 2173 2766 'qu’une

1223 2752 1467 2847 5333133355
1476 2750 2175 2861 Efflfizssffilfflsslffgssssa

2090 2925 2175 2956 oux·

213 3045 266 3057 .-
283 3020 452 3073 Major,
471 3030 649 3061 comme
662 3032 812 3113 ηιαίρνις
838 3021 1034 3074 euplus.
1258 3023 1338 3059 ent
1367 3018 1425 3059 de
1457 3017 1697 3059 residence
1727 3029 1840 3060 avec
1872 3018 1943 3060 les
1975 3019 2174 3062 saisons.

267 3077 309 3116 8.
337 3072 535 3119 Relictis,
557 3083 614 3112 au
629 3072 725 3114 dati

213 3181 339 3235 quit3

214 3231 313 3274 s’ils
333 3235 444 3273 sont
452 3227 563 3284 pres
583 3228 819 3284 d’elle,est

263 3340 305 3380 9.
338 3338 407 3384 m,
439 3346 696 3390 synonyme
714 3336 774 3377 de
793 3336 987 3384 etiamsi,
1012 3336 1169 3389 quand

213 3390 631 3485 ωῗῗῖίίῑὶεαόἱιω·
644 3442 693 3489 (α
710 3442 797 3486 me)
812 3439 991 3489 bellum,
1005 3454 1062 3482 au
1074 3440 1168 3483 licu

213 3494 270 3536 de
280 3495 467 3542 utilitia,
479 3506 539 3536 ou
549 3493 608 3535 de
619 3491 866 3534 bellabunt
875 3492 1057 3537 bellum.
1076 3493 1170 3535 Ail-

210 3546 337 3591 leurs
358 3548 536 3590 Horace
552 3545 625 3588 dit
643 3544 778 3587 d’une
796 3545 999 3588 muniere
1017 3546 1170 3589 analo-

841 3086 895 3114 ιιι·
914 3085 1004 3114 eux
1022 3070 1169 3114 aban-
1262 3070 1389 3113 'etait
1408 3084 1469 3112 un
1503 3082 1645 3124 usage
1669 3070 1790 3112 snivi
1819 3083 1905 3125 par·
1931 3070 2001 3113 les
2022 3071 2175 3115 riches

214 3125 410 3176 donnes,
433 3125 491 3165 iis
520 3125 648 3166 timet
678 3129 829 3179 magis
841 3127 885 3168 si
903 3128 1025 3180 sorec
1051 3127 1169 3166 reli-
1223 3122 1574 3178 proprietaires,
1628 3136 1713 3166 our
1730 3122 1775 3164 la
1793 3125 1927 3166 sante
1945 3124 2030 3166 des
2050 3131 2176 3168 trou-

372 3190 427 3218 au
459 3188 567 3217 vers
609 3176 809 3231 suivant,
834 3177 1163 3272 έρνωεεηιίὂαε,
1222 3189 1390 3241 peaux.
1418 3180 1461 3218 V.
1485 3176 1573 3219 od.
1625 3208 1635 3226 ,
1656 3186 1783 3227 xxvi,
1805 3179 1847 3218 5.
1864 3200 1913 3207 —
1934 3178 2066 3219 Sidus
2083 3180 2178 3232 ser-

860 3231 1094 3286 galement
1111 3243 1168 3271 au
1223 3230 1390 3278 vadum,
1414 3228 1457 3270 la
1475 3229 1693 3271 canicule.
1708 3252 1753 3259 —
1771 3232 1928 3277 Mutet,
1947 3230 2177 3272 construit

1221 3294 1401 3324 comme
1424 3282 1512 3325 Od.
1534 3283 1569 3333 1,
1590 3291 1653 3323 xv
1687 3284 1793 3324 2.-
1807 3282 1871 3323 La
1888 3282 2086 3325 Lucanie
2103 3289 2178 3325 est

1221 3334 1330 3390 plus
1348 3334 1520 3376 fraiche
1540 3347 1630 3399 quo
1649 3312 1691 3376 fa
1711 3333 1919 3377 Calabro.

1275 3391 1341 3429 13.
1372 3390 1566 3441 Super-m
1582 3388 1776 3433 Tusculi,
1794 3386 1864 3429 les
1881 3386 2102 3431 hauteurs
2117 3387 2176 3428 de

1222 3440 1491 3491 Tusculum,
1516 3439 1803 3494 auJourd’hui
1820 3439 1978 3482 ruines
1996 3439 2177 3480 iau-des·

1224 3506 1305 3535 sus
1329 3494 1388 3534 de
1412 3492 1632 3534 Frascati.
1658 3492 1836 3534 Horace
1860 3504 1918 3534 ne
1950 3491 2177 3534 demando

1223 3559 1309 3602 pas
1332 3559 1423 3599 que
1443 3543 1628 3586 Mecene
1651 3544 1817 3587 etende
1830 3543 2077 3599 jusque-la
2098 3555 2177 3585 ees
