2690 4169
920 273 1347 330 EPISTOLAE,
1398 275 1482 331 II,
1532 289 1571 322 1.

2136 279 2227 326 397

270 389 529 449 Vincere
559 387 841 447 Caecilius
873 387 1188 466 gravitate,
1225 388 1551 446 Terentius
1582 390 1795 448 arte³⁵.
1850 421 1860 429 ·

269 468 402 529 Hos
433 468 651 527 ediscit
680 480 737 525 et
767 468 880 525 hos
914 478 1043 526 arto
1072 467 1293 545 stipata
1319 468 1558 527 theatro

2148 465 2227 530 60

269 547 517 626 Spectat
544 547 739 605 Roma
762 557 1003 624 potens,
1037 545 1218 604 habet
1245 546 1360 605 hos
1390 560 1786 626 numeratque
1813 561 2026 626 poetas

268 627 363 688 Ad
393 637 670 685 nostrum
699 638 940 704 tempus
970 625 1104 685 Livi
1137 626 1463 704 scriptoris
1495 628 1568 683 ab
1601 628 1812 686 aevo³⁶.

268 707 580 765 Interdum
608 705 829 783 vulgus
860 716 1091 763 rectum
1119 705 1305 774 videt,
1336 718 1430 763 est
1459 706 1564 763 ubi
1594 718 1806 783 peccat
1839 729 1851 762 ε

270 785 336 845 Si
363 798 605 845 veteres
634 785 718 842 ita
745 785 1001 842 miratur
1025 783 1344 862 laudatque
1368 796 1603 863 poetas,

268 864 351 924 Ut
378 864 532 922 nihil
563 864 877 932 anteferat,
911 862 1066 921 nihil
1095 863 1220 921 illis
1250 876 1583 942 comparet,
1619 876 1810 935 errat3

2148 868 2225 925 65

270 944 337 1003 Si
367 946 638 1024 quaedam
668 942 850 1000 nimis
876 943 1143 1021 antique,
1179 942 1230 1002 si
1261 943 1554 1021 pleraque
1584 945 1736 1002 dure

266 1023 489 1082 Dicere
515 1022 709 1081 credit
734 1041 863 1090 eos,
893 1022 1111 1100 ignave
1124 1022 1173 1057 ³⁷
1204 1022 1412 1092 multa,
1446 1024 1686 1091 fatetur,

266 1102 346 1162 Et
375 1103 533 1180 sapit
563 1114 621 1159 et
648 1120 882 1159 mecum
914 1100 1053 1159 facit
1083 1112 1142 1159 et
1167 1100 1317 1160 Jove
1337 1099 1573 1181 judicat
1601 1122 1773 1180 aequo
1787 1103 1858 1159 ³⁸.

265 1182 402 1243 Non
429 1182 708 1260 equidem
736 1180 1008 1238 insector
1026 1180 1405 1259 delendaque
1432 1182 1698 1239 carmina
1725 1180 1861 1241 Livi

265 1260 422 1320 Esse
453 1280 616 1329 reor,
651 1260 896 1317 memini
926 1279 1056 1338 quae
1079 1259 1405 1338 plagosum
1433 1261 1582 1317 mihi
1612 1279 1801 1338 parvo

2139 1264 2219 1357 ,7⁰

265 1340 567 1399 Orbilium
593 1339 821 1397 dictare
841 1339 919 1408 ³⁹3
957 1340 1065 1396 sed
1099 1341 1415 1398 emendata
1442 1340 1639 1397 videri

264 1419 648 1497 Pulchraque
681 1429 740 1475 et
770 1417 996 1475 exactis
1010 1418 1061 1453 ⁴⁰
1084 1418 1399 1476 minimum
1431 1419 1719 1477 distantia
1746 1420 1959 1490 miror,

264 1499 433 1558 Inter
460 1518 591 1576 quae
619 1498 871 1556 verbum
902 1496 1146 1554 emicuit
1176 1498 1228 1555 si
1261 1499 1415 1556 forte
1446 1499 1755 1568 decorum,

265 1577 331 1636 Si
359 1596 577 1637 versus
608 1576 786 1653 paulo
821 1574 1181 1633 concinnior
1200 1596 1359 1634 unus
1390 1588 1448 1634 et
1479 1578 1650 1647 alter,

263 1655 492 1736 Injuste
520 1667 713 1713 totum
742 1655 909 1712 ducit
928 1656 1256 1733 venditque
1286 1657 1591 1732 poema⁴¹.

2142 1661 2216 1719 75

263 1736 561 1814 indignor
588 1734 917 1811 quidquam
938 1733 1329 1811 reprehendi,
1365 1755 1489 1792 non
1515 1735 1656 1813 quia
1685 1754 1892 1793 crasse

265 1814 683 1892 Compositum
714 1812 1097 1890 illepideve‘*2
1124 1824 1393 1890 putetur,
1423 1815 1532 1872 sed
1553 1814 1695 1891 quia
1716 1834 1934 1892 nuper,

264 1894 389 1954 Nec
415 1894 653 1953 veniam
683 1891 972 1971 antiquis,
1004 1892 1113 1950 sed
1142 1891 1440 1951 honorem
1471 1905 1529 1950 et
1557 1894 1805 1971 praemia
1831 1893 2029 1973 posci.

260 2132 373 2175 &tait
393 2131 452 2174 ne
470 2130 497 2173 ὲ
513 2130 620 2182 Cos,
635 2130 754 2173 mais
767 2129 803 2172 il
820 2129 961 2173 vecut
975 2142 1033 2171 en
1052 2127 1207 2173 Sicile.

260 2185 300 2229 11
320 2190 506 2227 mourut
524 2185 610 2238 age
629 2185 688 2225 de
706 2187 757 2224 99
776 2196 875 2225 ans.

310 2274 379 2313 35.
412 2275 461 2313 C.
489 2271 697 2312 Caecilius
713 2270 902 2316 Statius,
923 2270 982 2310 ne
1001 2268 1114 2311 chez
1139 2268 1211 2310 les

260 2323 547 2374 Insubriens‚
582 2324 699 2364 dans
729 2321 775 2363 la
807 2321 1066 2376 Cisalpine,
1099 2321 1213 2363 etait

261 2390 323 2420 un
341 2375 565 2419 affranchi
582 2374 675 2416 ami
698 2374 923 2417 d'Ennius
939 2390 952 2426 3
974 2374 1010 2415 il
1027 2379 1213 2417 mourut

261 2444 323 2473 un
342 2443 402 2471 an
424 2428 563 2491 apres
590 2426 671 2475 lui,
694 2441 751 2469 en
777 2431 870 2469 232.
902 2449 947 2459 -
973 2430 1211 2469 Gravitate

257 2485 408 2539 parait
435 2481 647 2537 sngnifler
664 2480 725 2522 ici
753 2479 797 2521 la
816 2480 939 2523 force
958 2481 1021 2521 du
1044 2480 1212 2534 pathe-

258 2535 405 2590 fique,
435 2548 612 2578 comme
640 2534 851 2588 gravitas
879 2535 1213 2575 sententiarum

259 2588 445 2642 signifie
469 2588 513 2629 la
538 2588 663 2630 force
691 2588 777 2628 des
802 2587 1016 2648 pensees.
1044 2608 1097 2616 -
1129 2584 1211 2625 Te'-

258 2654 389 2683 rence
429 2640 592 2693 naquit
633 2652 691 2681 en
719 2637 915 2692 Afrique
949 2639 1041 2692 (192
1075 2642 1213 2680 avant

257 2693 425 2743 J.-C.),
479 2693 580 2735 huit
619 2704 704 2734 ans
740 2696 880 2733 avant
914 2689 958 2731 la
993 2696 1118 2732 mort
1152 2690 1211 2731 de

260 2745 436 2788 Plauto.
456 2745 496 2787 11
516 2744 629 2788 &tait
647 2744 868 2787 affranehi
890 2744 946 2785 do
969 2743 1020 2784 P.
1041 2744 1211 2785 Teren-

258 2799 354 2840 tius
386 2798 610 2849 Lucanus,
638 2804 686 2840 et
717 2797 788 2840 fut
822 2796 913 2838 ami
946 2797 1007 2837 du
1039 2796 1212 2837 second

260 2849 466 2893 Africain
482 2855 532 2893 et
551 2851 613 2892 du
633 2850 807 2892 second
827 2849 997 2891 Lelius.
1027 2848 1066 2891 11
1085 2861 1213 2890 mou-

260 2909 337 2946 rut
367 2901 464 2945 fort
492 2902 655 2956 jeune,
694 2903 812 2944 dans
845 2915 906 2944 un
936 2914 1116 2956 voyage
1153 2914 1211 2943 en

258 2954 418 3002 Grece.
439 2956 571 2998 Nous
601 2967 746 2997 avons
771 2957 828 2997 de
857 2955 921 2996 lui
948 2954 1025 2997 six
1051 2955 1209 2996 come·

259 3009 386 3061 dies,
426 3008 612 3050 imitees
651 3008 714 3049 du
760 3007 937 3050 theatro
976 3007 1208 3049 athenien.

259 3062 400 3107 cesar
417 3060 560 3102 disait
577 3060 635 3100 de
657 3058 723 3101 lui
749 3060 863 3114 qu’il
885 3060 1043 3103 n’etait
1105 3059 1209 3101 u'un

260 3113 672 3158 demi-Menandro.
706 3135 759 3143 -
794 3116 920 3162 Arte,
956 3112 1095 3154 l’hab1
1117 3113 1205 3154 ete.

259 3167 300 3211 11
330 3172 404 3210 est
429 3165 695 3209 consomme
724 3165 840 3206 dans
866 3164 970 3208 l'art
1006 3166 1065 3207 de
1092 3177 1207 3207 con-

259 3220 392 3263 duire
411 3224 458 3262 et
476 3217 670 3261 d'ecrire
690 3230 777 3259 une
793 3216 940 3272 piace,
961 3225 1009 3261 et
1027 3219 1143 3260 dans
1162 3217 1207 3261 le

259 3272 487 3328 dialogue.
1155 3282 1160 3288 ·

311 3363 378 3403 36.
406 3360 503 3401 Livi
532 3358 626 3400 scri
659 3358 787 3398 toris.
828 3360 874 3398 V.
906 3360 1118 3413 scriptor,
1157 3370 1204 3400 v.

258 3416 322 3454 36.
346 3411 503 3454 Livius
532 3413 602 3452 An
639 3408 824 3451 ronicus
851 3409 966 3452 etait
992 3423 1054 3452 un
1073 3410 1204 3461 Grec,

259 3464 481 3509 affranchi
499 3465 556 3505 dc
578 3463 626 3506 C.
647 3462 806 3504 Livius
828 3460 1069 3505 Salinator.
1091 3463 1130 3506 11
1155 3462 1208 3505 fit

259 3520 553 3574 representet
584 3516 627 3557 la
659 3514 887 3571 premiere
912 3516 1123 3570 tragedia
1146 3516 1209 3557 la-

259 3572 357 3614 tine
380 3583 439 3613 en
455 3573 550 3621 240,
575 3582 638 3611 un
664 3582 722 3611 an
749 3575 887 3611 avant
903 3566 948 3610 la
966 3569 1206 3612 naissance

1265 2128 1507 2171 d’Ennius.
1527 2127 1568 2191 n.
1580 2128 1704 2172 avait
1720 2127 1898 2172 traduit
1915 2127 2142 2182 l’Odysse'e
2158 2142 2216 2171 en

1266 2194 1373 2226 vers
1392 2187 1672 2224 saturmens.

1317 2238 1385 2276 37.
1414 2239 1582 2288 Ignave
1612 2235 1814 2286 (dicere),
1836 2233 2136 2289 dependance
2157 2235 2215 2277 de

1263 2289 1447 2342 fatetur
1461 2302 1475 2328 :
1491 2300 1601 2330 sans
1621 2286 1760 2329 force.

1317 2343 1387 2383 38.
1415 2343 1592 2382 Mecum
1616 2342 1754 2395 facit,
1776 2345 1849 2381 cst
1878 2340 1936 2381 de
1954 2351 2067 2381 mon
2083 2340 2184 2382 avis
2198 2356 2213 2393 ς

1266 2398 1595 2447 proprement,
1640 2406 1715 2435 me
1759 2393 1981 2434 souticnt.
2023 2414 2077 2423 —
2111 2396 2214 2435 Jove

1265 2444 1783 2541 5⁹33233012⁰212¹i225222¹3
1798 2444 2214 2554 ἓξέἓΡίῗέἰῒρῗ

1303 2529 1315 2539 ο
1762 2530 1773 2550 ,
2187 2521 2214 2531 -

1266 2563 1339 2599 ter
1366 2556 1545 2611 inspiro
1573 2556 1644 2599 les
1671 2556 1801 2599 idees
1821 2510 2214 2612 εεὲεεῆμητίετα

1267 2609 1351 2656 Ζεύ
1403 2645 1414 2655 .

1318 2611 1396 2712 33.)
1420 2670 1624 2714 Orbilius
1645 2672 1867 2725 Pupillus,
1903 2671 1985 2725 qui
2011 2672 2215 2727 frappait

1266 2723 1309 2765 si
1326 2723 1439 2765 bien
1457 2736 1534 2766 ses
1553 2722 1710 2766 eleves
1735 2724 1997 2777 (plagosus),
2021 2725 2134 2768 etait
2152 2740 2214 2768 un

1265 2778 1431 2818 maitre
1450 2775 1624 2818 d’ecole
1639 2775 1734 2818 fort
1751 2789 1917 2819 connu.
1939 2776 1976 2819 11
1990 2777 2116 2819 avait
2137 2780 2213 2821 ete

1265 2829 1549 2883 appariteur‚
1569 2828 1677 2883 puis
1707 2828 1872 2871 soldat.
1905 2828 1946 2871 11
1965 2828 2169 2873 s’etablit
2187 2833 2214 2873 ὲ

1266 2884 1410 2924 Rome
1429 2883 1455 2923 a
1473 2881 1592 2944 l’age
1613 2882 1671 2923 de
1690 2884 1742 2923 50
1759 2894 1860 2923 ans.
1882 2882 1922 2924 11
1938 2883 2064 2925 avait
2080 2896 2212 2927 com-

1263 2936 1425 2977 mence'
1445 2936 1471 2975 a
1492 2935 1743 2986 Benevent,
1762 2937 1821 2977 οὐ
1835 2934 1871 2976 il
1889 2935 2003 2977 etait
2021 2937 2094 2979 ne.

1315 2991 1385 3032 40.
1413 2989 1619 3038 Exactis,
1638 2999 1816 3030 comme
1832 2990 2069 3043 perfectis,
2135 2995 2213 3031 eut

1262 3043 1364 3083 ὄτι-ο
1381 3054 1439 3082 au
1462 3039 1586 3083 datis
1597 3039 1729 3083 aussi
1748 3039 1859 3082 bien
1878 3041 1982 3095 qu’a
1996 3041 2086 3083 l’ab
2108 3042 2206 3084 atis.

1269 3094 1455 3148 V.'Epit.
1475 3094 1511 3145 1,
1528 3104 1661 3145 xvm,
1681 3095 1723 3145 4,
1739 3097 1793 3146 53
1815 3093 1905 3138 Od.
1924 3095 2003 3146 IV,
2025 3106 2126 3147 vm,
2142 3098 2210 3136 20.

1314 3150 1382 3188 41.
1402 3149 1553 3195 Ducit,
1575 3144 1752 3189 amone.
1779 3147 1953 3196 Vendit,
1971 3160 2148 3202 expose
2164 3153 2211 3189 et

1260 3206 1415 3242 vante.
1446 3199 1562 3242 C.-a
1579 3199 1631 3241 ·d.
1658 3198 1744 3241 fait
1770 3212 1935 3255 passer
1961 3207 2009 3242 et
2027 3212 2211 3243 recom-

1261 3253 1428 3295 mande
1461 3255 1584 3304 (sans
1615 3251 1788 3304 roeison,
1823 3254 2025 3306 injuste).
2061 3253 2211 3295 Meta-

1261 3304 1409 3369 phore
1443 3304 1779 3374 commerciale.
1800 3305 1874 3367 ‘Le
1906 3309 2005 3346 mot
2051 3310 2211 3368 vqnter

1260 3356 1841 3461 ἓῗῖἒὲἑὲἓὲἷῖῗέωζῗὲἓῗ
1857 3357 2212 3454 „320232'55'22‘3122

1263 3469 1351 3509 tor,
1381 3468 1567 3504 orateur
1591 3460 2010 3505 recommandable.

1313 3517 1382 3557 42.
1420 3516 1594 3563 Crasse,
1615 3510 1996 3570 grossiorement.
2017 3537 2070 3550 -
2097 3517 2208 3558 Ille·

1256 3568 1383 3621 pide,
1401 3578 1512 3610 sans
1531 3569 1686 3622 grace.

1903 3665 1963 3713 23
