<?xml version="1.0" encoding="UTF-8"?>
<!DOCTYPE html PUBLIC "-//W3C//DTD XHTML 1.0 Transitional//EN"
    "http://www.w3.org/TR/xhtml1/DTD/xhtml1-transitional.dtd">
<html xmlns="http://www.w3.org/1999/xhtml" xml:lang="en" lang="en">
 <head>
  <title>
</title>
<meta http-equiv="Content-Type" content="text/html;charset=utf-8" />
  <meta name='ocr-system' content='tesseract 3.04.00' />
  <meta name='ocr-capabilities' content='ocr_page ocr_carea ocr_par ocr_line ocrx_word'/>
</head>
<body>
  <div class='ocr_page' id='page_1' title='image "./quintihoratifla02horagoog_0259.png"; bbox 0 0 2690 4169; ppageno 0'>
   <div class='ocr_carea' id='block_1_1' title="bbox 958 266 1467 323">
    <p class='ocr_par' dir='ltr' id='par_1_1' title="bbox 958 266 1467 323">
     <span class='ocr_line' id='line_1_1' title="bbox 958 266 1467 323; baseline 0.004 -10"><span class='ocrx_word' id='word_1_1' title='bbox 958 266 1279 323; x_wconf 61' lang='lat' dir='ltr'><strong>sulp-At,</strong></span> <span class='ocrx_word' id='word_1_2' title='bbox 1329 266 1381 321; x_wconf 89' lang='lat'><strong>1.</strong></span> <span class='ocrx_word' id='word_1_3' title='bbox 1428 281 1467 315; x_wconf 83' lang='lat'><strong>1.</strong></span> 
     </span>
    </p>
   </div>
   <div class='ocr_carea' id='block_1_2' title="bbox 2101 264 2194 313">
    <p class='ocr_par' dir='ltr' id='par_1_2' title="bbox 2101 264 2194 313">
     <span class='ocr_line' id='line_1_2' title="bbox 2101 264 2194 313; baseline 0.011 -1"><span class='ocrx_word' id='word_1_4' title='bbox 2101 264 2194 313; x_wconf 78' lang='lat'><strong>205</strong></span> 
     </span>
    </p>
   </div>
   <div class='ocr_carea' id='block_1_3' title="bbox 210 378 1934 697">
    <p class='ocr_par' dir='ltr' id='par_1_3' title="bbox 210 378 1934 538">
     <span class='ocr_line' id='line_1_3' title="bbox 210 378 1934 460; baseline 0.001 -24"><span class='ocrx_word' id='word_1_5' title='bbox 210 380 375 440; x_wconf 82' lang='lat' dir='ltr'><strong>‚Non</strong></span> <span class='ocrx_word' id='word_1_6' title='bbox 402 391 543 439; x_wconf 89' lang='lat' dir='ltr'><strong>tuus</strong></span> <span class='ocrx_word' id='word_1_7' title='bbox 571 378 749 438; x_wconf 74' lang='lat' dir='ltr'><strong>hoc²⁵</strong></span> <span class='ocrx_word' id='word_1_8' title='bbox 780 379 977 458; x_wconf 84' lang='lat' dir='ltr'>capiet</span> <span class='ocrx_word' id='word_1_9' title='bbox 1001 392 1218 440; x_wconf 80' lang='lat' dir='ltr'><strong>venter</strong></span> <span class='ocrx_word' id='word_1_10' title='bbox 1240 380 1384 460; x_wconf 88' lang='lat' dir='ltr'><strong>plus</strong></span> <span class='ocrx_word' id='word_1_11' title='bbox 1413 400 1483 439; x_wconf 87' lang='lat' dir='ltr'><strong>ac</strong></span> <span class='ocrx_word' id='word_1_12' title='bbox 1509 399 1680 439; x_wconf 89' lang='lat' dir='ltr'><strong>meus</strong></span> <span class='ocrx_word' id='word_1_13' title='bbox 1714 400 1728 436; x_wconf 71' lang='grc' dir='ltr'><strong>ε</strong></span> <span class='ocrx_word' id='word_1_14' title='bbox 1761 392 1849 450; x_wconf 90' lang='lat' dir='ltr'><strong>ut,</strong></span> <span class='ocrx_word' id='word_1_15' title='bbox 1884 380 1934 438; x_wconf 86' lang='lat' dir='ltr'><strong>si</strong></span> 
     </span>
     <span class='ocr_line' id='line_1_4' title="bbox 235 458 1495 538; baseline 0 -20"><span class='ocrx_word' id='word_1_16' title='bbox 235 458 580 518; x_wconf 88' lang='lat' dir='ltr'><strong>Reticulum</strong></span> <span class='ocrx_word' id='word_1_17' title='bbox 605 458 784 538; x_wconf 89' lang='lat' dir='ltr'><strong>panis</strong></span> <span class='ocrx_word' id='word_1_18' title='bbox 809 459 1057 519; x_wconf 87' lang='lat' dir='ltr'><strong>venales</strong></span> <span class='ocrx_word' id='word_1_19' title='bbox 1085 459 1246 518; x_wconf 86' lang='lat' dir='ltr'><strong>inter</strong></span> <span class='ocrx_word' id='word_1_20' title='bbox 1272 473 1495 518; x_wconf 90' lang='lat' dir='ltr'><strong>onusto</strong></span> 
     </span>
    </p>

    <p class='ocr_par' dir='ltr' id='par_1_4' title="bbox 236 538 1853 697">
     <span class='ocr_line' id='line_1_5' title="bbox 236 538 1853 617; baseline -0.002 -19"><span class='ocrx_word' id='word_1_21' title='bbox 236 539 422 598; x_wconf 88' lang='lat' dir='ltr'>Forte</span> <span class='ocrx_word' id='word_1_22' title='bbox 448 538 636 598; x_wconf 81' lang='lat' dir='ltr'><strong>vehas</strong></span> <span class='ocrx_word' id='word_1_23' title='bbox 663 539 961 610; x_wconf 76' lang='lat' dir='ltr'><strong>umet-02⁶,</strong></span> <span class='ocrx_word' id='word_1_24' title='bbox 992 538 1186 598; x_wconf 91' lang='lat' dir='ltr'>nihilo</span> <span class='ocrx_word' id='word_1_25' title='bbox 1259 540 1356 597; x_wconf 89' lang='lat' dir='ltr'><strong>lus</strong></span> <span class='ocrx_word' id='word_1_26' title='bbox 1385 538 1648 617; x_wconf 86' lang='lat' dir='ltr'><strong>accipias</strong></span> <span class='ocrx_word' id='word_1_27' title='bbox 1677 557 1853 617; x_wconf 90' lang='lat' dir='ltr'><strong>quam</strong></span> 
     </span>
     <span class='ocr_line' id='line_1_6' title="bbox 238 617 1678 697; baseline -0.002 -20"><span class='ocrx_word' id='word_1_28' title='bbox 238 617 359 692; x_wconf 90' lang='lat' dir='ltr'><strong>Qui</strong></span> <span class='ocrx_word' id='word_1_29' title='bbox 388 617 474 675; x_wconf 89' lang='lat' dir='ltr'><strong>nil</strong></span> <span class='ocrx_word' id='word_1_30' title='bbox 500 618 784 697; x_wconf 82' lang='lat' dir='ltr'><strong>portarit.</strong></span> <span class='ocrx_word' id='word_1_31' title='bbox 818 617 930 676; x_wconf 91' lang='lat' dir='ltr'><strong>Vel</strong></span> <span class='ocrx_word' id='word_1_32' title='bbox 958 619 1058 676; x_wconf 89' lang='lat' dir='ltr'><strong>dic</strong></span> <span class='ocrx_word' id='word_1_33' title='bbox 1087 619 1192 697; x_wconf 91' lang='lat' dir='ltr'><strong>qui</strong></span> <span class='ocrx_word' id='word_1_34' title='bbox 1265 620 1488 677; x_wconf 83' lang='lat' dir='ltr'><strong>referat</strong></span> <span class='ocrx_word' id='word_1_35' title='bbox 1516 619 1678 676; x_wconf 85' lang='lat' dir='ltr'><strong>intra</strong></span> 
     </span>
    </p>
   </div>
   <div class='ocr_carea' id='block_1_4' title="bbox 236 696 1664 777">
    <p class='ocr_par' dir='ltr' id='par_1_5' title="bbox 236 696 1664 777">
     <span class='ocr_line' id='line_1_7' title="bbox 236 696 1664 777; baseline -0.002 -20"><span class='ocrx_word' id='word_1_36' title='bbox 236 698 480 757; x_wconf 84' lang='lat' dir='ltr'><strong>Naturae</strong></span> <span class='ocrx_word' id='word_1_37' title='bbox 508 698 661 756; x_wconf 88' lang='lat' dir='ltr'><strong>fines</strong></span> <span class='ocrx_word' id='word_1_38' title='bbox 690 697 982 757; x_wconf 62' lang='lat' dir='ltr'><strong>viventi„</strong></span> <span class='ocrx_word' id='word_1_39' title='bbox 1003 696 1285 777; x_wconf 75' lang='lat' dir='ltr'><strong>jugera⁹⁸</strong></span> <span class='ocrx_word' id='word_1_40' title='bbox 1317 710 1557 756; x_wconf 89' lang='lat' dir='ltr'><strong>centum</strong></span> <span class='ocrx_word' id='word_1_41' title='bbox 1587 716 1664 755; x_wconf 89' lang='lat' dir='ltr'><strong>an</strong></span> 
     </span>
    </p>
   </div>
   <div class='ocr_carea' id='block_1_5' title="bbox 2118 694 2194 753">
    <p class='ocr_par' dir='ltr' id='par_1_6' title="bbox 2118 694 2194 753">
     <span class='ocr_line' id='line_1_8' title="bbox 2118 694 2194 753; baseline 0.013 -1"><span class='ocrx_word' id='word_1_42' title='bbox 2118 694 2194 753; x_wconf 90' lang='lat'><strong>50</strong></span> 
     </span>
    </p>
   </div>
   <div class='ocr_carea' id='block_1_6' title="bbox 236 775 2075 1094">
    <p class='ocr_par' dir='ltr' id='par_1_7' title="bbox 236 775 2075 1027">
     <span class='ocr_line' id='line_1_9' title="bbox 237 775 2018 856; baseline -0.002 -21"><span class='ocrx_word' id='word_1_43' title='bbox 237 775 408 835; x_wconf 91' lang='lat' dir='ltr'><strong>Mille</strong></span> <span class='ocrx_word' id='word_1_44' title='bbox 438 779 604 836; x_wconf 82' lang='lat' dir='ltr'><strong>aret?</strong></span> <span class='ocrx_word' id='word_1_45' title='bbox 630 810 710 820; x_wconf 91' lang='lat'>—</span> <span class='ocrx_word' id='word_1_46' title='bbox 733 775 816 835; x_wconf 91' lang='lat' dir='ltr'><strong>At</strong></span> <span class='ocrx_word' id='word_1_47' title='bbox 844 796 1028 837; x_wconf 80' lang='lat' dir='ltr'><strong>suave</strong></span> <span class='ocrx_word' id='word_1_48' title='bbox 1058 788 1153 835; x_wconf 89' lang='lat' dir='ltr'><strong>est</strong></span> <span class='ocrx_word' id='word_1_49' title='bbox 1180 796 1253 835; x_wconf 85' lang='lat' dir='ltr'><strong>ex</strong></span> <span class='ocrx_word' id='word_1_50' title='bbox 1281 796 1502 856; x_wconf 85' lang='lat' dir='ltr'><strong>magno</strong></span> <span class='ocrx_word' id='word_1_51' title='bbox 1531 776 1746 835; x_wconf 83' lang='lat' dir='ltr'><strong>tollere</strong></span> <span class='ocrx_word' id='word_1_52' title='bbox 1777 793 2018 833; x_wconf 80' lang='lat' dir='ltr'><strong>acervo.</strong></span> 
     </span>
     <span class='ocr_line' id='line_1_10' title="bbox 236 854 2075 935; baseline -0.002 -21"><span class='ocrx_word' id='word_1_53' title='bbox 236 890 317 901; x_wconf 94' lang='lat'>—</span> <span class='ocrx_word' id='word_1_54' title='bbox 343 855 505 915; x_wconf 89' lang='lat' dir='ltr'><strong>Dum</strong></span> <span class='ocrx_word' id='word_1_55' title='bbox 534 876 609 915; x_wconf 82' lang='lat' dir='ltr'><strong>ex</strong></span> <span class='ocrx_word' id='word_1_56' title='bbox 633 875 825 935; x_wconf 86' lang='lat' dir='ltr'><strong>parvo</strong></span> <span class='ocrx_word' id='word_1_57' title='bbox 855 856 1037 915; x_wconf 89' lang='lat' dir='ltr'><strong>nobis</strong></span> <span class='ocrx_word' id='word_1_58' title='bbox 1066 857 1436 915; x_wconf 83' lang='lat' dir='ltr'><strong>tantumdem</strong></span> <span class='ocrx_word' id='word_1_59' title='bbox 1466 855 1710 913; x_wconf 85' lang='lat' dir='ltr'><strong>haurire</strong></span> <span class='ocrx_word' id='word_1_60' title='bbox 1739 854 2075 932; x_wconf 82' lang='lat' dir='ltr'><strong>relinquaS,</strong></span> 
     </span>
     <span class='ocr_line' id='line_1_11' title="bbox 240 934 1869 1027; baseline -0.002 -33"><span class='ocrx_word' id='word_1_61' title='bbox 240 934 369 994; x_wconf 86' lang='lat' dir='ltr'><strong>Cur</strong></span> <span class='ocrx_word' id='word_1_62' title='bbox 393 947 497 994; x_wconf 88' lang='lat' dir='ltr'><strong>tua</strong></span> <span class='ocrx_word' id='word_1_63' title='bbox 521 935 663 1027; x_wconf 76' lang='lat' dir='ltr'><strong>plus</strong></span> <span class='ocrx_word' id='word_1_64' title='bbox 693 935 903 994; x_wconf 90' lang='lat' dir='ltr'><strong>laudes</strong></span> <span class='ocrx_word' id='word_1_65' title='bbox 933 935 1255 994; x_wconf 77' lang='lat' dir='ltr'><strong>cumeris²⁹</strong></span> <span class='ocrx_word' id='word_1_66' title='bbox 1286 935 1571 1014; x_wconf 84' lang='lat' dir='ltr'><strong>granaria</strong></span> <span class='ocrx_word' id='word_1_67' title='bbox 1596 934 1869 992; x_wconf 74' lang='lat' dir='ltr'><strong>nostris?</strong></span> 
     </span>
    </p>

    <p class='ocr_par' dir='ltr' id='par_1_8' title="bbox 239 1013 1719 1094">
     <span class='ocr_line' id='line_1_12' title="bbox 239 1013 1719 1094; baseline -0.003 -19"><span class='ocrx_word' id='word_1_68' title='bbox 239 1013 324 1075; x_wconf 88' lang='lat' dir='ltr'><strong>Ut</strong></span> <span class='ocrx_word' id='word_1_69' title='bbox 351 1015 463 1074; x_wconf 91' lang='lat' dir='ltr'><strong>tibi</strong></span> <span class='ocrx_word' id='word_1_70' title='bbox 495 1034 549 1072; x_wconf 86' lang='lat' dir='ltr'><strong>Sl</strong></span> <span class='ocrx_word' id='word_1_71' title='bbox 580 1015 660 1073; x_wconf 89' lang='lat' dir='ltr'><strong>sit</strong></span> <span class='ocrx_word' id='word_1_72' title='bbox 688 1034 845 1094; x_wconf 89' lang='lat' dir='ltr'><strong>opus</strong></span> <span class='ocrx_word' id='word_1_73' title='bbox 874 1015 1092 1093; x_wconf 88' lang='lat' dir='ltr'>liquidi</span> <span class='ocrx_word' id='word_1_74' title='bbox 1121 1035 1245 1072; x_wconf 93' lang='lat' dir='ltr'><strong>non</strong></span> <span class='ocrx_word' id='word_1_75' title='bbox 1273 1014 1534 1094; x_wconf 90' lang='lat' dir='ltr'><strong>amplius</strong></span> <span class='ocrx_word' id='word_1_76' title='bbox 1563 1033 1719 1072; x_wconf 89' lang='lat' dir='ltr'><strong>urna</strong></span> 
     </span>
    </p>
   </div>
   <div class='ocr_carea' id='block_1_7' title="bbox 238 1091 1930 1173">
    <p class='ocr_par' dir='ltr' id='par_1_9' title="bbox 238 1091 1930 1173">
     <span class='ocr_line' id='line_1_13' title="bbox 238 1091 1930 1173; baseline -0.002 -21"><span class='ocrx_word' id='word_1_77' title='bbox 238 1092 351 1153; x_wconf 87' lang='lat' dir='ltr'><strong>Vel</strong></span> <span class='ocrx_word' id='word_1_78' title='bbox 382 1093 596 1172; x_wconf 82' lang='lat' dir='ltr'>cyatho</span> <span class='ocrx_word' id='word_1_79' title='bbox 611 1095 661 1130; x_wconf 78' lang='lat'><strong>³⁰</strong></span> <span class='ocrx_word' id='word_1_80' title='bbox 691 1106 750 1153; x_wconf 90' lang='lat' dir='ltr'><strong>et</strong></span> <span class='ocrx_word' id='word_1_81' title='bbox 777 1095 946 1153; x_wconf 90' lang='lat' dir='ltr'><strong>dicas</strong></span> <span class='ocrx_word' id='word_1_82' title='bbox 981 1116 993 1150; x_wconf 73' lang='grc' dir='ltr'><strong><em>ι</em></strong></span> <span class='ocrx_word' id='word_1_83' title='bbox 1031 1118 1058 1148; x_wconf 75' lang='grc' dir='ltr'><strong>(ι</strong></span> <span class='ocrx_word' id='word_1_84' title='bbox 1092 1093 1319 1173; x_wconf 86' lang='lat' dir='ltr'><strong>Magno</strong></span> <span class='ocrx_word' id='word_1_85' title='bbox 1351 1095 1426 1152; x_wconf 87' lang='lat' dir='ltr'><strong>de</strong></span> <span class='ocrx_word' id='word_1_86' title='bbox 1455 1093 1699 1152; x_wconf 89' lang='lat' dir='ltr'><strong>flumine</strong></span> <span class='ocrx_word' id='word_1_87' title='bbox 1728 1091 1930 1149; x_wconf 90' lang='lat' dir='ltr'><strong>malim</strong></span> 
     </span>
    </p>
   </div>
   <div class='ocr_carea' id='block_1_8' title="bbox 2118 1091 2193 1149">
    <p class='ocr_par' dir='ltr' id='par_1_10' title="bbox 2118 1091 2193 1149">
     <span class='ocr_line' id='line_1_14' title="bbox 2118 1091 2193 1149; baseline 0 0"><span class='ocrx_word' id='word_1_88' title='bbox 2118 1091 2193 1149; x_wconf 89' lang='lat'><strong>55</strong></span> 
     </span>
    </p>
   </div>
   <div class='ocr_carea' id='block_1_9' title="bbox 237 1170 2194 1808">
    <p class='ocr_par' dir='ltr' id='par_1_11' title="bbox 239 1170 1982 1332">
     <span class='ocr_line' id='line_1_15' title="bbox 241 1170 1982 1247; baseline -0.002 -15"><span class='ocrx_word' id='word_1_89' title='bbox 241 1173 433 1247; x_wconf 90' lang='lat' dir='ltr'><strong>Quam</strong></span> <span class='ocrx_word' id='word_1_90' title='bbox 463 1193 537 1231; x_wconf 86' lang='lat' dir='ltr'><strong>ex</strong></span> <span class='ocrx_word' id='word_1_91' title='bbox 565 1173 682 1231; x_wconf 86' lang='lat' dir='ltr'><strong>hoc</strong></span> <span class='ocrx_word' id='word_1_92' title='bbox 710 1172 1002 1232; x_wconf 90' lang='lat' dir='ltr'><strong>fonticulo</strong></span> <span class='ocrx_word' id='word_1_93' title='bbox 1031 1174 1401 1232; x_wconf 87' lang='lat' dir='ltr'><strong>tantumdem</strong></span> <span class='ocrx_word' id='word_1_94' title='bbox 1432 1192 1693 1232; x_wconf 84' lang='lat' dir='ltr'><strong>sumere.</strong></span> <span class='ocrx_word' id='word_1_95' title='bbox 1731 1194 1760 1227; x_wconf 68' lang='grc' dir='ltr'><strong>ι»</strong></span> <span class='ocrx_word' id='word_1_96' title='bbox 1794 1170 1887 1229; x_wconf 93' lang='lat' dir='ltr'><strong>Eo</strong></span> <span class='ocrx_word' id='word_1_97' title='bbox 1915 1172 1982 1229; x_wconf 88' lang='lat' dir='ltr'><strong>fit</strong></span> 
     </span>
     <span class='ocr_line' id='line_1_16' title="bbox 239 1251 1593 1332; baseline 0 -21"><span class='ocrx_word' id='word_1_98' title='bbox 239 1252 493 1311; x_wconf 84' lang='lat' dir='ltr'>Plenior</span> <span class='ocrx_word' id='word_1_99' title='bbox 520 1264 585 1310; x_wconf 90' lang='lat' dir='ltr'><strong>ut</strong></span> <span class='ocrx_word' id='word_1_100' title='bbox 614 1253 665 1311; x_wconf 90' lang='lat' dir='ltr'><strong>si</strong></span> <span class='ocrx_word' id='word_1_101' title='bbox 696 1272 852 1331; x_wconf 91' lang='lat' dir='ltr'><strong>quos</strong></span> <span class='ocrx_word' id='word_1_102' title='bbox 880 1253 1139 1312; x_wconf 88' lang='lat' dir='ltr'><strong>delectet</strong></span> <span class='ocrx_word' id='word_1_103' title='bbox 1169 1253 1345 1332; x_wconf 90' lang='lat' dir='ltr'><strong>copia</strong></span> <span class='ocrx_word' id='word_1_104' title='bbox 1364 1251 1593 1331; x_wconf 79' lang='lat' dir='ltr'><strong>justo³¹</strong></span> 
     </span>
    </p>

    <p class='ocr_par' dir='ltr' id='par_1_12' title="bbox 241 1331 1752 1411">
     <span class='ocr_line' id='line_1_17' title="bbox 241 1331 1752 1411; baseline -0.002 -19"><span class='ocrx_word' id='word_1_105' title='bbox 241 1331 393 1392; x_wconf 91' lang='lat' dir='ltr'><strong>Cum</strong></span> <span class='ocrx_word' id='word_1_106' title='bbox 420 1332 556 1411; x_wconf 87' lang='lat' dir='ltr'><strong>ripa</strong></span> <span class='ocrx_word' id='word_1_107' title='bbox 582 1331 762 1391; x_wconf 90' lang='lat' dir='ltr'><strong>simul</strong></span> <span class='ocrx_word' id='word_1_108' title='bbox 790 1331 1036 1392; x_wconf 82' lang='lat' dir='ltr'><strong>avulsos</strong></span> <span class='ocrx_word' id='word_1_109' title='bbox 1065 1333 1217 1391; x_wconf 87' lang='lat' dir='ltr'><strong>ferat</strong></span> <span class='ocrx_word' id='word_1_110' title='bbox 1242 1332 1500 1390; x_wconf 89' lang='lat' dir='ltr'><strong>Aufidus</strong></span> <span class='ocrx_word' id='word_1_111' title='bbox 1530 1331 1752 1390; x_wconf 65' lang='lat' dir='ltr'><strong>ecel-³².</strong></span> 
     </span>
    </p>

    <p class='ocr_par' dir='ltr' id='par_1_13' title="bbox 237 1409 2194 1649">
     <span class='ocr_line' id='line_1_18' title="bbox 237 1409 1937 1491; baseline -0.002 -21"><span class='ocrx_word' id='word_1_112' title='bbox 237 1411 319 1470; x_wconf 87' lang='lat' dir='ltr'><strong>At</strong></span> <span class='ocrx_word' id='word_1_113' title='bbox 346 1411 451 1491; x_wconf 90' lang='lat' dir='ltr'><strong>qui</strong></span> <span class='ocrx_word' id='word_1_114' title='bbox 479 1411 694 1469; x_wconf 88' lang='lat' dir='ltr'><strong>tantuli</strong></span> <span class='ocrx_word' id='word_1_115' title='bbox 723 1424 862 1490; x_wconf 85' lang='lat' dir='ltr'><strong>eget</strong></span> <span class='ocrx_word' id='word_1_116' title='bbox 888 1423 1113 1491; x_wconf 88' lang='lat' dir='ltr'><strong>quanto</strong></span> <span class='ocrx_word' id='word_1_117' title='bbox 1142 1424 1236 1470; x_wconf 89' lang='lat' dir='ltr'><strong>est</strong></span> <span class='ocrx_word' id='word_1_118' title='bbox 1265 1431 1447 1491; x_wconf 83' lang='lat' dir='ltr'><strong>opuS‚</strong></span> <span class='ocrx_word' id='word_1_119' title='bbox 1479 1412 1533 1470; x_wconf 91' lang='lat' dir='ltr'><strong>is</strong></span> <span class='ocrx_word' id='word_1_120' title='bbox 1563 1431 1763 1490; x_wconf 88' lang='lat' dir='ltr'><strong>neque</strong></span> <span class='ocrx_word' id='word_1_121' title='bbox 1793 1409 1937 1468; x_wconf 93' lang='lat' dir='ltr'><strong>limo</strong></span> 
     </span>
     <span class='ocr_line' id='line_1_19' title="bbox 238 1488 2194 1570; baseline -0.002 -21"><span class='ocrx_word' id='word_1_122' title='bbox 238 1490 564 1557; x_wconf 79' lang='lat' dir='ltr'><strong>Turbatam</strong></span> <span class='ocrx_word' id='word_1_123' title='bbox 593 1489 794 1548; x_wconf 86' lang='lat' dir='ltr'><strong>haurit</strong></span> <span class='ocrx_word' id='word_1_124' title='bbox 820 1510 1056 1569; x_wconf 89' lang='lat' dir='ltr'><strong>aquam,</strong></span> <span class='ocrx_word' id='word_1_125' title='bbox 1090 1510 1287 1570; x_wconf 90' lang='lat' dir='ltr'><strong>neque</strong></span> <span class='ocrx_word' id='word_1_126' title='bbox 1315 1491 1498 1550; x_wconf 87' lang='lat' dir='ltr'><strong>vitam</strong></span> <span class='ocrx_word' id='word_1_127' title='bbox 1529 1490 1745 1548; x_wconf 88' lang='lat' dir='ltr'><strong>amittit</strong></span> <span class='ocrx_word' id='word_1_128' title='bbox 1768 1490 1832 1547; x_wconf 91' lang='lat' dir='ltr'><strong>in</strong></span> <span class='ocrx_word' id='word_1_129' title='bbox 1863 1488 2065 1546; x_wconf 92' lang='lat' dir='ltr'><strong>undis.</strong></span> <span class='ocrx_word' id='word_1_130' title='bbox 2117 1488 2194 1545; x_wconf 88' lang='lat'><strong>60</strong></span> 
     </span>
     <span class='ocr_line' id='line_1_20' title="bbox 237 1569 1907 1649; baseline -0.002 -20"><span class='ocrx_word' id='word_1_131' title='bbox 237 1569 319 1629; x_wconf 88' lang='lat' dir='ltr'><strong>At</strong></span> <span class='ocrx_word' id='word_1_132' title='bbox 345 1572 507 1629; x_wconf 85' lang='lat' dir='ltr'><strong>bona</strong></span> <span class='ocrx_word' id='word_1_133' title='bbox 532 1570 741 1648; x_wconf 80' lang='lat' dir='ltr'><strong>pars³³</strong></span> <span class='ocrx_word' id='word_1_134' title='bbox 771 1570 1103 1637; x_wconf 85' lang='lat' dir='ltr'><strong>hominum,</strong></span> <span class='ocrx_word' id='word_1_135' title='bbox 1136 1571 1390 1649; x_wconf 87' lang='lat' dir='ltr'><strong>decepta</strong></span> <span class='ocrx_word' id='word_1_136' title='bbox 1417 1570 1702 1649; x_wconf 82' lang='lat' dir='ltr'><strong>cupidine</strong></span> <span class='ocrx_word' id='word_1_137' title='bbox 1733 1569 1907 1637; x_wconf 86' lang='lat' dir='ltr'><strong>falso,</strong></span> 
     </span>
    </p>

    <p class='ocr_par' dir='ltr' id='par_1_14' title="bbox 240 1644 2187 1808">
     <span class='ocr_line' id='line_1_21' title="bbox 241 1644 2187 1728; baseline -0.003 -22"><span class='ocrx_word' id='word_1_138' title='bbox 241 1673 271 1705; x_wconf 87' lang='lat'>«</span> <span class='ocrx_word' id='word_1_139' title='bbox 304 1649 405 1707; x_wconf 93' lang='lat' dir='ltr'><strong>Nil</strong></span> <span class='ocrx_word' id='word_1_140' title='bbox 437 1649 584 1707; x_wconf 90' lang='lat' dir='ltr'><strong>satis</strong></span> <span class='ocrx_word' id='word_1_141' title='bbox 614 1661 728 1718; x_wconf 89' lang='lat' dir='ltr'><strong>est,</strong></span> <span class='ocrx_word' id='word_1_142' title='bbox 761 1649 981 1728; x_wconf 88' lang='lat' dir='ltr'><strong>inquit,</strong></span> <span class='ocrx_word' id='word_1_143' title='bbox 1009 1649 1151 1728; x_wconf 88' lang='lat' dir='ltr'><strong>quia</strong></span> <span class='ocrx_word' id='word_1_144' title='bbox 1185 1650 1335 1708; x_wconf 90' lang='lat' dir='ltr'><strong>tanti</strong></span> <span class='ocrx_word' id='word_1_145' title='bbox 1373 1661 1662 1727; x_wconf 90' lang='lat' dir='ltr'><strong>quantum</strong></span> <span class='ocrx_word' id='word_1_146' title='bbox 1692 1648 1916 1706; x_wconf 84' lang='lat' dir='ltr'><strong>habeas</strong></span> <span class='ocrx_word' id='word_1_147' title='bbox 1948 1646 2035 1704; x_wconf 89' lang='lat' dir='ltr'><strong>sis</strong></span> <span class='ocrx_word' id='word_1_148' title='bbox 2048 1644 2121 1702; x_wconf 73' lang='lat'><strong>³⁴.</strong></span> <span class='ocrx_word' id='word_1_149' title='bbox 2158 1668 2187 1701; x_wconf 72' lang='lat' dir='ltr'><strong>n</strong></span> 
     </span>
     <span class='ocr_line' id='line_1_22' title="bbox 240 1727 1876 1808; baseline -0.001 -21"><span class='ocrx_word' id='word_1_150' title='bbox 240 1729 403 1803; x_wconf 91' lang='lat' dir='ltr'><strong>Quid</strong></span> <span class='ocrx_word' id='word_1_151' title='bbox 430 1728 612 1787; x_wconf 89' lang='lat' dir='ltr'><strong>facias</strong></span> <span class='ocrx_word' id='word_1_152' title='bbox 640 1728 768 1786; x_wconf 78' lang='lat' dir='ltr'>illi?</span> <span class='ocrx_word' id='word_1_153' title='bbox 786 1727 1005 1808; x_wconf 86' lang='lat' dir='ltr'><strong>jubeas</strong></span> <span class='ocrx_word' id='word_1_154' title='bbox 1034 1729 1324 1787; x_wconf 87' lang='lat' dir='ltr'><strong>miserum</strong></span> <span class='ocrx_word' id='word_1_155' title='bbox 1354 1747 1492 1787; x_wconf 91' lang='lat' dir='ltr'><strong>esse</strong></span> <span class='ocrx_word' id='word_1_156' title='bbox 1506 1728 1579 1798; x_wconf 73' lang='lat'><strong>³⁵,</strong></span> <span class='ocrx_word' id='word_1_157' title='bbox 1611 1727 1876 1786; x_wconf 83' lang='lat' dir='ltr'><strong>libenter</strong></span> 
     </span>
    </p>
   </div>
   <div class='ocr_carea' id='block_1_10' title="bbox 235 1944 1186 2162">
    <p class='ocr_par' dir='ltr' id='par_1_15' title="bbox 235 1944 1186 2162">
     <span class='ocr_line' id='line_1_23' title="bbox 235 1944 1183 2001; baseline -0.002 -11"><span class='ocrx_word' id='word_1_158' title='bbox 235 1946 391 1990; x_wconf 71' lang='lat' dir='ltr'><strong>msait</strong></span> <span class='ocrx_word' id='word_1_159' title='bbox 404 1944 556 1989; x_wconf 77' lang='lat' dir='ltr'><strong>fouler</strong></span> <span class='ocrx_word' id='word_1_160' title='bbox 573 1959 658 2001; x_wconf 87' lang='lat' dir='ltr'><strong>par</strong></span> <span class='ocrx_word' id='word_1_161' title='bbox 680 1947 764 1989; x_wconf 88' lang='lat' dir='ltr'><strong>des</strong></span> <span class='ocrx_word' id='word_1_162' title='bbox 791 1947 1001 1990; x_wconf 83' lang='lat' dir='ltr'><strong>chevaux</strong></span> <span class='ocrx_word' id='word_1_163' title='bbox 1018 1959 1079 1989; x_wconf 90' lang='lat' dir='ltr'><strong>ou</strong></span> <span class='ocrx_word' id='word_1_164' title='bbox 1132 1959 1183 1988; x_wconf 86' lang='lat' dir='ltr'><strong>ar</strong></span> 
     </span>
     <span class='ocr_line' id='line_1_24' title="bbox 237 1959 1185 2056; baseline -0.003 -13"><span class='ocrx_word' id='word_1_165' title='bbox 237 2000 323 2044; x_wconf 80' lang='lat' dir='ltr'><strong>des</strong></span> <span class='ocrx_word' id='word_1_166' title='bbox 335 1997 500 2051; x_wconf 77' lang='lat' dir='ltr'><strong>boeufs,</strong></span> <span class='ocrx_word' id='word_1_167' title='bbox 521 2011 698 2042; x_wconf 88' lang='lat' dir='ltr'><strong>comme</strong></span> <span class='ocrx_word' id='word_1_168' title='bbox 713 2011 880 2042; x_wconf 79' lang='lat' dir='ltr'><strong>encore</strong></span> <span class='ocrx_word' id='word_1_169' title='bbox 897 1959 1185 2056; x_wconf 52' lang='lat' dir='ltr'><strong>auj0urd’ssui</strong></span> 
     </span>
     <span class='ocr_line' id='line_1_25' title="bbox 236 2050 1186 2107; baseline -0.003 -9"><span class='ocrx_word' id='word_1_170' title='bbox 236 2062 296 2098; x_wconf 84' lang='lat' dir='ltr'><strong>en</strong></span> <span class='ocrx_word' id='word_1_171' title='bbox 312 2053 564 2097; x_wconf 82' lang='lat' dir='ltr'><strong>Provence.</strong></span> <span class='ocrx_word' id='word_1_172' title='bbox 585 2050 883 2107; x_wconf 81' lang='lat' dir='ltr'><strong>Quelquefois</strong></span> <span class='ocrx_word' id='word_1_173' title='bbox 897 2065 959 2096; x_wconf 89' lang='lat' dir='ltr'><strong>on</strong></span> <span class='ocrx_word' id='word_1_174' title='bbox 971 2052 1043 2096; x_wconf 85' lang='lat' dir='ltr'><strong>les</strong></span> <span class='ocrx_word' id='word_1_175' title='bbox 1062 2058 1186 2096; x_wconf 83' lang='lat' dir='ltr'><strong>atte-</strong></span> 
     </span>
     <span class='ocr_line' id='line_1_26' title="bbox 236 2105 1186 2162; baseline -0.002 -13"><span class='ocrx_word' id='word_1_176' title='bbox 236 2106 336 2160; x_wconf 70' lang='lat' dir='ltr'><strong>laic,</strong></span> <span class='ocrx_word' id='word_1_177' title='bbox 359 2118 480 2162; x_wconf 89' lang='lat' dir='ltr'><strong>pour</strong></span> <span class='ocrx_word' id='word_1_178' title='bbox 496 2105 605 2161; x_wconf 89' lang='lat' dir='ltr'><strong>plus</strong></span> <span class='ocrx_word' id='word_1_179' title='bbox 629 2105 687 2148; x_wconf 92' lang='lat' dir='ltr'><strong>de</strong></span> <span class='ocrx_word' id='word_1_180' title='bbox 705 2106 909 2158; x_wconf 65' lang='lat' dir='ltr'><strong>celerini,</strong></span> <span class='ocrx_word' id='word_1_181' title='bbox 931 2108 959 2148; x_wconf 71' lang='lat' dir='ltr'><strong>a</strong></span> <span class='ocrx_word' id='word_1_182' title='bbox 977 2106 1062 2149; x_wconf 85' lang='lat' dir='ltr'><strong>des</strong></span> <span class='ocrx_word' id='word_1_183' title='bbox 1082 2118 1186 2148; x_wconf 87' lang='lat' dir='ltr'><strong>ma-</strong></span> 
     </span>
    </p>
   </div>
   <div class='ocr_carea' id='block_1_11' title="bbox 166 2158 1186 2224">
    <p class='ocr_par' dir='ltr' id='par_1_16' title="bbox 166 2158 1186 2224">
     <span class='ocr_line' id='line_1_27' title="bbox 166 2158 1186 2224; baseline -0.001 -21"><span class='ocrx_word' id='word_1_184' title='bbox 166 2174 174 2181; x_wconf 93' lang='lat'>·</span> <span class='ocrx_word' id='word_1_185' title='bbox 237 2160 399 2203; x_wconf 85' lang='lat' dir='ltr'><strong>chines</strong></span> <span class='ocrx_word' id='word_1_186' title='bbox 423 2158 642 2224; x_wconf 78' lang='lat' dir='ltr'><strong>appelees</strong></span> <span class='ocrx_word' id='word_1_187' title='bbox 667 2158 845 2201; x_wconf 75' lang='lat' dir='ltr'><strong>tribula</strong></span> <span class='ocrx_word' id='word_1_188' title='bbox 868 2164 917 2202; x_wconf 81' lang='lat' dir='ltr'><strong>et</strong></span> <span class='ocrx_word' id='word_1_189' title='bbox 945 2160 1109 2201; x_wconf 70' lang='lat' dir='ltr'><strong>trahae.</strong></span> <span class='ocrx_word' id='word_1_190' title='bbox 1139 2161 1186 2202; x_wconf 75' lang='lat' dir='ltr'><strong>V.</strong></span> 
     </span>
    </p>
   </div>
   <div class='ocr_carea' id='block_1_12' title="bbox 214 2212 1193 3641">
    <p class='ocr_par' dir='ltr' id='par_1_17' title="bbox 235 2212 1190 2373">
     <span class='ocr_line' id='line_1_28' title="bbox 235 2212 1184 2266; baseline -0.004 -10"><span class='ocrx_word' id='word_1_191' title='bbox 235 2214 377 2256; x_wconf 82' lang='lat' dir='ltr'><strong>Vmo.</strong></span> <span class='ocrx_word' id='word_1_192' title='bbox 403 2215 562 2266; x_wconf 75' lang='lat' dir='ltr'><strong>Geor-g.</strong></span> <span class='ocrx_word' id='word_1_193' title='bbox 592 2212 629 2263; x_wconf 93' lang='lat'><strong>1,</strong></span> <span class='ocrx_word' id='word_1_194' title='bbox 661 2214 753 2262; x_wconf 79' lang='lat'><strong>164,</strong></span> <span class='ocrx_word' id='word_1_195' title='bbox 782 2213 876 2252; x_wconf 80' lang='grc'><strong>298.</strong></span> <span class='ocrx_word' id='word_1_196' title='bbox 900 2234 954 2244; x_wconf 91' lang='grc'>-</span> <span class='ocrx_word' id='word_1_197' title='bbox 976 2213 1184 2260; x_wconf 70' lang='lat' dir='ltr'><strong>moer-ct,</strong></span> 
     </span>
     <span class='ocr_line' id='line_1_29' title="bbox 237 2265 1190 2320; baseline -0.003 -11"><span class='ocrx_word' id='word_1_198' title='bbox 237 2270 464 2309; x_wconf 81' lang='lat' dir='ltr'><strong>sous-ent.</strong></span> <span class='ocrx_word' id='word_1_199' title='bbox 479 2271 545 2315; x_wconf 85' lang='lat' dir='ltr'><strong>ut,</strong></span> <span class='ocrx_word' id='word_1_200' title='bbox 556 2265 583 2306; x_wconf 73' lang='grc' dir='ltr'>ὲ</span> <span class='ocrx_word' id='word_1_201' title='bbox 596 2276 828 2320; x_wconf 83' lang='lat' dir='ltr'><strong>supposer</strong></span> <span class='ocrx_word' id='word_1_202' title='bbox 838 2277 943 2319; x_wconf 86' lang='lat' dir='ltr'><strong>que,</strong></span> <span class='ocrx_word' id='word_1_203' title='bbox 954 2277 1014 2307; x_wconf 88' lang='lat' dir='ltr'><strong>ou</strong></span> <span class='ocrx_word' id='word_1_204' title='bbox 1028 2266 1190 2307; x_wconf 78' lang='lat' dir='ltr'><strong>etiam-</strong></span> 
     </span>
     <span class='ocr_line' id='line_1_30' title="bbox 235 2318 646 2373; baseline -0.007 -11"><span class='ocrx_word' id='word_1_205' title='bbox 235 2321 290 2369; x_wconf 78' lang='lat' dir='ltr'><strong>si,</strong></span> <span class='ocrx_word' id='word_1_206' title='bbox 308 2318 465 2373; x_wconf 82' lang='lat' dir='ltr'><strong>quand.</strong></span> <span class='ocrx_word' id='word_1_207' title='bbox 480 2318 646 2360; x_wconf 74' lang='lat' dir='ltr'><strong>meme.</strong></span> 
     </span>
    </p>

    <p class='ocr_par' dir='ltr' id='par_1_18' title="bbox 287 2368 1186 2464">
     <span class='ocr_line' id='line_1_31' title="bbox 287 2368 1186 2464; baseline -0.006 -49"><span class='ocrx_word' id='word_1_208' title='bbox 287 2374 356 2415; x_wconf 79' lang='grc'><strong>25.</strong></span> <span class='ocrx_word' id='word_1_209' title='bbox 365 2375 475 2420; x_wconf 81' lang='lat' dir='ltr'><strong>Hoc,</strong></span> <span class='ocrx_word' id='word_1_210' title='bbox 488 2368 924 2464; x_wconf 48' lang='lat' dir='ltr'><strong>ablatifssynoxlifme</strong></span> <span class='ocrx_word' id='word_1_211' title='bbox 934 2369 993 2412; x_wconf 90' lang='lat' dir='ltr'><strong>de</strong></span> <span class='ocrx_word' id='word_1_212' title='bbox 1002 2369 1186 2431; x_wconf 54' lang='lat' dir='ltr'><strong>eoddeo,</strong></span> 
     </span>
    </p>

    <p class='ocr_par' dir='ltr' id='par_1_19' title="bbox 235 2421 1192 2848">
     <span class='ocr_line' id='line_1_32' title="bbox 271 2421 1191 2479; baseline -0.004 -12"><span class='ocrx_word' id='word_1_213' title='bbox 271 2437 323 2467; x_wconf 87' lang='lat' dir='ltr'><strong>ar</strong></span> <span class='ocrx_word' id='word_1_214' title='bbox 338 2423 399 2478; x_wconf 72' lang='lat' dir='ltr'><strong>la,</strong></span> <span class='ocrx_word' id='word_1_215' title='bbox 429 2436 549 2479; x_wconf 88' lang='lat' dir='ltr'><strong>pour</strong></span> <span class='ocrx_word' id='word_1_216' title='bbox 574 2422 687 2466; x_wconf 84' lang='lat' dir='ltr'><strong>cela.</strong></span> <span class='ocrx_word' id='word_1_217' title='bbox 714 2445 768 2455; x_wconf 91' lang='lat'><strong>—</strong></span> <span class='ocrx_word' id='word_1_218' title='bbox 832 2424 905 2464; x_wconf 80' lang='lat' dir='ltr'><strong>lus</strong></span> <span class='ocrx_word' id='word_1_219' title='bbox 923 2434 993 2470; x_wconf 82' lang='lat' dir='ltr'><strong>ac,</strong></span> <span class='ocrx_word' id='word_1_220' title='bbox 1013 2434 1071 2463; x_wconf 86' lang='lat' dir='ltr'><strong>au</strong></span> <span class='ocrx_word' id='word_1_221' title='bbox 1096 2421 1191 2464; x_wconf 85' lang='lat' dir='ltr'><strong>heu</strong></span> 
     </span>
     <span class='ocr_line' id='line_1_33' title="bbox 236 2438 1188 2532; baseline -0.006 -12"><span class='ocrx_word' id='word_1_222' title='bbox 236 2438 296 2521; x_wconf 62' lang='lat' dir='ltr'><strong>ge</strong></span> <span class='ocrx_word' id='word_1_223' title='bbox 304 2479 416 2532; x_wconf 75' lang='lat' dir='ltr'><strong>plus</strong></span> <span class='ocrx_word' id='word_1_224' title='bbox 433 2488 590 2532; x_wconf 80' lang='lat' dir='ltr'><strong>quam.</strong></span> <span class='ocrx_word' id='word_1_225' title='bbox 612 2479 660 2518; x_wconf 75' lang='lat' dir='ltr'><strong>V.</strong></span> <span class='ocrx_word' id='word_1_226' title='bbox 677 2477 821 2517; x_wconf 79' lang='lat' dir='ltr'><strong>altius</strong></span> <span class='ocrx_word' id='word_1_227' title='bbox 835 2487 892 2517; x_wconf 83' lang='lat' dir='ltr'><strong>ac</strong></span> <span class='ocrx_word' id='word_1_228' title='bbox 909 2487 1004 2523; x_wconf 74' lang='lat' dir='ltr'><strong>nos,</strong></span> <span class='ocrx_word' id='word_1_229' title='bbox 1026 2473 1121 2519; x_wconf 81' lang='lat' dir='ltr'><strong>Sat.</strong></span> <span class='ocrx_word' id='word_1_230' title='bbox 1142 2485 1188 2525; x_wconf 81' lang='lat' dir='ltr'><strong>v,</strong></span> 
     </span>
     <span class='ocr_line' id='line_1_34' title="bbox 235 2527 1189 2573; baseline -0.003 -1"><span class='ocrx_word' id='word_1_231' title='bbox 235 2534 278 2573; x_wconf 92' lang='grc'><strong>5.</strong></span> <span class='ocrx_word' id='word_1_232' title='bbox 297 2531 484 2573; x_wconf 73' lang='lat' dir='ltr'><strong>Diutius</strong></span> <span class='ocrx_word' id='word_1_233' title='bbox 508 2541 565 2571; x_wconf 81' lang='lat' dir='ltr'><strong>ac</strong></span> <span class='ocrx_word' id='word_1_234' title='bbox 594 2530 763 2571; x_wconf 84' lang='lat' dir='ltr'><strong>nollem</strong></span> <span class='ocrx_word' id='word_1_235' title='bbox 785 2541 836 2570; x_wconf 93' lang='lat' dir='ltr'><strong>se</strong></span> <span class='ocrx_word' id='word_1_236' title='bbox 864 2527 924 2570; x_wconf 85' lang='lat' dir='ltr'><strong>lit</strong></span> <span class='ocrx_word' id='word_1_237' title='bbox 952 2528 1070 2570; x_wconf 86' lang='lat' dir='ltr'><strong>dans</strong></span> <span class='ocrx_word' id='word_1_238' title='bbox 1104 2540 1189 2569; x_wconf 91' lang='lat' dir='ltr'><strong>une</strong></span> 
     </span>
     <span class='ocr_line' id='line_1_35' title="bbox 236 2581 1189 2636; baseline -0.006 -10"><span class='ocrx_word' id='word_1_239' title='bbox 236 2583 374 2627; x_wconf 82' lang='lat' dir='ltr'><strong>lettre</strong></span> <span class='ocrx_word' id='word_1_240' title='bbox 395 2583 453 2625; x_wconf 89' lang='lat' dir='ltr'><strong>de</strong></span> <span class='ocrx_word' id='word_1_241' title='bbox 473 2582 682 2627; x_wconf 74' lang='lat' dir='ltr'><strong>Ciceron.</strong></span> <span class='ocrx_word' id='word_1_242' title='bbox 701 2581 952 2636; x_wconf 83' lang='lat' dir='ltr'><strong>Comparez</strong></span> <span class='ocrx_word' id='word_1_243' title='bbox 971 2593 1062 2621; x_wconf 86' lang='lat' dir='ltr'><strong>non</strong></span> <span class='ocrx_word' id='word_1_244' title='bbox 1081 2592 1189 2621; x_wconf 84' lang='lat' dir='ltr'><strong>ma-</strong></span> 
     </span>
     <span class='ocr_line' id='line_1_36' title="bbox 236 2634 1190 2697; baseline -0.007 -18"><span class='ocrx_word' id='word_1_245' title='bbox 236 2638 310 2690; x_wconf 71' lang='lat' dir='ltr'><strong>gis</strong></span> <span class='ocrx_word' id='word_1_246' title='bbox 331 2642 383 2679; x_wconf 80' lang='lat' dir='ltr'><strong>at</strong></span> <span class='ocrx_word' id='word_1_247' title='bbox 415 2647 470 2677; x_wconf 84' lang='lat' dir='ltr'><strong>ue</strong></span> <span class='ocrx_word' id='word_1_248' title='bbox 498 2634 616 2677; x_wconf 84' lang='lat' dir='ltr'><strong>dans</strong></span> <span class='ocrx_word' id='word_1_249' title='bbox 644 2635 873 2687; x_wconf 77' lang='lat' dir='ltr'><strong>Terence3</strong></span> <span class='ocrx_word' id='word_1_250' title='bbox 886 2634 1026 2697; x_wconf 68' lang='lat' dir='ltr'><strong>pejus</strong></span> <span class='ocrx_word' id='word_1_251' title='bbox 1053 2638 1190 2687; x_wconf 77' lang='lat' dir='ltr'><strong>atque</strong></span> 
     </span>
     <span class='ocr_line' id='line_1_37' title="bbox 239 2686 1191 2740; baseline -0.006 -8"><span class='ocrx_word' id='word_1_252' title='bbox 239 2690 357 2732; x_wconf 78' lang='lat' dir='ltr'><strong>dans</strong></span> <span class='ocrx_word' id='word_1_253' title='bbox 418 2694 481 2730; x_wconf 84' lang='lat' dir='ltr'><strong>at.</strong></span> <span class='ocrx_word' id='word_1_254' title='bbox 498 2698 548 2739; x_wconf 79' lang='grc' dir='ltr'><strong>ιι,</strong></span> <span class='ocrx_word' id='word_1_255' title='bbox 564 2690 644 2739; x_wconf 72' lang='grc' dir='ltr'><strong>22ς,</strong></span> <span class='ocrx_word' id='word_1_256' title='bbox 669 2692 717 2730; x_wconf 84' lang='lat' dir='ltr'><strong>et</strong></span> <span class='ocrx_word' id='word_1_257' title='bbox 734 2686 804 2729; x_wconf 86' lang='lat' dir='ltr'><strong>les</strong></span> <span class='ocrx_word' id='word_1_258' title='bbox 819 2686 1052 2729; x_wconf 75' lang='lat' dir='ltr'><strong>locutlone</strong></span> <span class='ocrx_word' id='word_1_259' title='bbox 1065 2696 1191 2740; x_wconf 78' lang='lat' dir='ltr'><strong>aeque</strong></span> 
     </span>
     <span class='ocr_line' id='line_1_38' title="bbox 238 2742 1192 2793; baseline -0.006 -9"><span class='ocrx_word' id='word_1_260' title='bbox 238 2754 308 2790; x_wconf 81' lang='lat' dir='ltr'><strong>ac,</strong></span> <span class='ocrx_word' id='word_1_261' title='bbox 328 2742 545 2783; x_wconf 73' lang='lat' dir='ltr'><strong>similiter</strong></span> <span class='ocrx_word' id='word_1_262' title='bbox 565 2752 634 2787; x_wconf 83' lang='lat' dir='ltr'><strong>ac,</strong></span> <span class='ocrx_word' id='word_1_263' title='bbox 658 2742 799 2782; x_wconf 72' lang='lat' dir='ltr'><strong>aliter</strong></span> <span class='ocrx_word' id='word_1_264' title='bbox 816 2752 873 2782; x_wconf 83' lang='lat' dir='ltr'><strong>ac</strong></span> <span class='ocrx_word' id='word_1_265' title='bbox 893 2752 954 2783; x_wconf 86' lang='lat' dir='ltr'><strong>ou</strong></span> <span class='ocrx_word' id='word_1_266' title='bbox 971 2745 1124 2793; x_wconf 80' lang='lat' dir='ltr'><strong>atque.</strong></span> <span class='ocrx_word' id='word_1_267' title='bbox 1138 2759 1192 2770; x_wconf 89' lang='lat'>—</span> 
     </span>
     <span class='ocr_line' id='line_1_39' title="bbox 242 2791 1191 2848; baseline -0.005 -11"><span class='ocrx_word' id='word_1_268' title='bbox 242 2798 314 2844; x_wconf 78' lang='lat' dir='ltr'><strong>Ut,</strong></span> <span class='ocrx_word' id='word_1_269' title='bbox 339 2794 397 2836; x_wconf 89' lang='lat' dir='ltr'><strong>de</strong></span> <span class='ocrx_word' id='word_1_270' title='bbox 417 2794 568 2835; x_wconf 76' lang='lat' dir='ltr'><strong>meme</strong></span> <span class='ocrx_word' id='word_1_271' title='bbox 589 2806 694 2848; x_wconf 87' lang='lat' dir='ltr'><strong>que,</strong></span> <span class='ocrx_word' id='word_1_272' title='bbox 724 2792 933 2836; x_wconf 87' lang='lat' dir='ltr'><strong>retombe</strong></span> <span class='ocrx_word' id='word_1_273' title='bbox 958 2804 1040 2834; x_wconf 85' lang='lat' dir='ltr'><strong>sur</strong></span> <span class='ocrx_word' id='word_1_274' title='bbox 1063 2791 1191 2832; x_wconf 70' lang='lat' dir='ltr'><strong>acci—</strong></span> 
     </span>
    </p>

    <p class='ocr_par' dir='ltr' id='par_1_20' title="bbox 261 2843 1193 2941">
     <span class='ocr_line' id='line_1_40' title="bbox 273 2843 1193 2899; baseline -0.003 -11"><span class='ocrx_word' id='word_1_275' title='bbox 273 2848 367 2894; x_wconf 77' lang='lat' dir='ltr'><strong>tas,</strong></span> <span class='ocrx_word' id='word_1_276' title='bbox 399 2845 482 2899; x_wconf 84' lang='lat' dir='ltr'><strong>qui</strong></span> <span class='ocrx_word' id='word_1_277' title='bbox 508 2858 535 2888; x_wconf 82' lang='lat' dir='ltr'><strong>a</strong></span> <span class='ocrx_word' id='word_1_278' title='bbox 561 2844 605 2889; x_wconf 89' lang='lat' dir='ltr'><strong>le</strong></span> <span class='ocrx_word' id='word_1_279' title='bbox 642 2858 753 2889; x_wconf 81' lang='lat' dir='ltr'><strong>sens</strong></span> <span class='ocrx_word' id='word_1_280' title='bbox 779 2843 1099 2888; x_wconf 86' lang='lat' dir='ltr'><strong>conditionnel</strong></span> <span class='ocrx_word' id='word_1_281' title='bbox 1131 2854 1193 2885; x_wconf 91' lang='lat' dir='ltr'><strong>ou</strong></span> 
     </span>
     <span class='ocr_line' id='line_1_41' title="bbox 261 2905 383 2941; baseline -0.016 0"><span class='ocrx_word' id='word_1_282' title='bbox 261 2905 383 2941; x_wconf 80' lang='lat' dir='ltr'><strong>ntur.</strong></span> 
     </span>
    </p>

    <p class='ocr_par' dir='ltr' id='par_1_21' title="bbox 235 2948 1193 3259">
     <span class='ocr_line' id='line_1_42' title="bbox 292 2948 1192 3003; baseline -0.001 -11"><span class='ocrx_word' id='word_1_283' title='bbox 292 2954 360 2992; x_wconf 85' lang='grc'><strong>26.</strong></span> <span class='ocrx_word' id='word_1_284' title='bbox 389 2950 654 2999; x_wconf 67' lang='lat' dir='ltr'><strong>flectendum,</strong></span> <span class='ocrx_word' id='word_1_285' title='bbox 681 2949 781 2992; x_wconf 81' lang='lat' dir='ltr'><strong>filet</strong></span> <span class='ocrx_word' id='word_1_286' title='bbox 811 2951 927 2993; x_wconf 87' lang='lat' dir='ltr'><strong>dans</strong></span> <span class='ocrx_word' id='word_1_287' title='bbox 958 2948 1113 3003; x_wconf 89' lang='lat' dir='ltr'><strong>lequel</strong></span> <span class='ocrx_word' id='word_1_288' title='bbox 1130 2960 1192 2991; x_wconf 88' lang='lat' dir='ltr'><strong>on</strong></span> 
     </span>
     <span class='ocr_line' id='line_1_43' title="bbox 237 3001 1189 3059; baseline -0.004 -12"><span class='ocrx_word' id='word_1_289' title='bbox 237 3001 490 3058; x_wconf 81' lang='lat' dir='ltr'><strong>emportait</strong></span> <span class='ocrx_word' id='word_1_290' title='bbox 497 3002 543 3044; x_wconf 91' lang='lat' dir='ltr'><strong>le</strong></span> <span class='ocrx_word' id='word_1_291' title='bbox 551 3003 660 3058; x_wconf 82' lang='lat' dir='ltr'><strong>pain</strong></span> <span class='ocrx_word' id='word_1_292' title='bbox 671 3016 729 3047; x_wconf 87' lang='lat' dir='ltr'><strong>en</strong></span> <span class='ocrx_word' id='word_1_293' title='bbox 735 3014 931 3059; x_wconf 80' lang='lat' dir='ltr'><strong>voyage.</strong></span> <span class='ocrx_word' id='word_1_294' title='bbox 944 3001 1189 3053; x_wconf 72' lang='lat' dir='ltr'><strong>L’eschve,</strong></span> 
     </span>
     <span class='ocr_line' id='line_1_44' title="bbox 241 3054 1193 3111; baseline -0.001 -13"><span class='ocrx_word' id='word_1_295' title='bbox 241 3056 428 3103; x_wconf 73' lang='lat' dir='ltr'><strong>venalis,</strong></span> <span class='ocrx_word' id='word_1_296' title='bbox 451 3054 620 3110; x_wconf 72' lang='lat' dir='ltr'><strong>charge</strong></span> <span class='ocrx_word' id='word_1_297' title='bbox 635 3056 694 3099; x_wconf 88' lang='lat' dir='ltr'><strong>de</strong></span> <span class='ocrx_word' id='word_1_298' title='bbox 707 3061 868 3111; x_wconf 83' lang='lat' dir='ltr'><strong>porter</strong></span> <span class='ocrx_word' id='word_1_299' title='bbox 886 3057 1003 3098; x_wconf 86' lang='lat' dir='ltr'><strong>dans</strong></span> <span class='ocrx_word' id='word_1_300' title='bbox 1021 3068 1073 3098; x_wconf 93' lang='lat' dir='ltr'><strong>ce</strong></span> <span class='ocrx_word' id='word_1_301' title='bbox 1093 3054 1193 3097; x_wconf 85' lang='lat' dir='ltr'><strong>filet</strong></span> 
     </span>
     <span class='ocr_line' id='line_1_45' title="bbox 240 3106 1192 3164; baseline -0.003 -12"><span class='ocrx_word' id='word_1_302' title='bbox 240 3109 285 3152; x_wconf 90' lang='lat' dir='ltr'><strong>le</strong></span> <span class='ocrx_word' id='word_1_303' title='bbox 303 3108 414 3164; x_wconf 86' lang='lat' dir='ltr'><strong>pain</strong></span> <span class='ocrx_word' id='word_1_304' title='bbox 438 3106 497 3149; x_wconf 91' lang='lat' dir='ltr'><strong>de</strong></span> <span class='ocrx_word' id='word_1_305' title='bbox 514 3112 617 3151; x_wconf 85' lang='lat' dir='ltr'><strong>tout</strong></span> <span class='ocrx_word' id='word_1_306' title='bbox 638 3107 683 3151; x_wconf 90' lang='lat' dir='ltr'><strong>le</strong></span> <span class='ocrx_word' id='word_1_307' title='bbox 708 3109 887 3159; x_wconf 79' lang='lat' dir='ltr'><strong>convoi‚</strong></span> <span class='ocrx_word' id='word_1_308' title='bbox 909 3110 980 3151; x_wconf 89' lang='lat' dir='ltr'><strong>n&#39;a</strong></span> <span class='ocrx_word' id='word_1_309' title='bbox 997 3120 1083 3163; x_wconf 79' lang='lat' dir='ltr'><strong>pas</strong></span> <span class='ocrx_word' id='word_1_310' title='bbox 1103 3120 1192 3151; x_wconf 84' lang='lat' dir='ltr'><strong>une</strong></span> 
     </span>
     <span class='ocr_line' id='line_1_46' title="bbox 239 3159 1193 3224; baseline 0 -21"><span class='ocrx_word' id='word_1_311' title='bbox 239 3167 346 3219; x_wconf 79' lang='lat' dir='ltr'><strong>part</strong></span> <span class='ocrx_word' id='word_1_312' title='bbox 362 3159 470 3224; x_wconf 65' lang='lat' dir='ltr'><strong>Plus</strong></span> <span class='ocrx_word' id='word_1_313' title='bbox 484 3172 664 3215; x_wconf 78' lang='lat' dir='ltr'><strong>grosse.</strong></span> <span class='ocrx_word' id='word_1_314' title='bbox 674 3182 729 3193; x_wconf 92' lang='lat'>—</span> <span class='ocrx_word' id='word_1_315' title='bbox 740 3163 968 3216; x_wconf 72' lang='lat' dir='ltr'><strong>Accipias,</strong></span> <span class='ocrx_word' id='word_1_316' title='bbox 984 3167 1036 3204; x_wconf 86' lang='lat' dir='ltr'><strong>tu</strong></span> <span class='ocrx_word' id='word_1_317' title='bbox 1049 3174 1109 3205; x_wconf 87' lang='lat' dir='ltr'><strong>ne</strong></span> <span class='ocrx_word' id='word_1_318' title='bbox 1123 3173 1193 3204; x_wconf 87' lang='lat' dir='ltr'><strong>re-</strong></span> 
     </span>
     <span class='ocr_line' id='line_1_47' title="bbox 235 3224 431 3259; baseline -0.015 -1"><span class='ocrx_word' id='word_1_319' title='bbox 235 3224 431 3259; x_wconf 72' lang='lat' dir='ltr'><strong>cevrms.</strong></span> 
     </span>
    </p>

    <p class='ocr_par' dir='ltr' id='par_1_22' title="bbox 214 3265 1191 3585">
     <span class='ocr_line' id='line_1_48' title="bbox 214 3265 1191 3320; baseline 0.002 -12"><span class='ocrx_word' id='word_1_320' title='bbox 214 3281 218 3286; x_wconf 85' lang='grc'><em>·</em></span> <span class='ocrx_word' id='word_1_321' title='bbox 291 3270 359 3308; x_wconf 81' lang='grc'><strong>27.</strong></span> <span class='ocrx_word' id='word_1_322' title='bbox 386 3265 573 3308; x_wconf 68' lang='lat' dir='ltr'><strong>Viventi.</strong></span> <span class='ocrx_word' id='word_1_323' title='bbox 600 3267 758 3320; x_wconf 76' lang='lat' dir='ltr'><strong>Refer-e</strong></span> <span class='ocrx_word' id='word_1_324' title='bbox 783 3278 835 3308; x_wconf 89' lang='lat' dir='ltr'><strong>se</strong></span> <span class='ocrx_word' id='word_1_325' title='bbox 861 3267 1093 3310; x_wconf 79' lang='lat' dir='ltr'><strong>construit</strong></span> <span class='ocrx_word' id='word_1_326' title='bbox 1108 3279 1191 3309; x_wconf 91' lang='lat' dir='ltr'><strong>or-</strong></span> 
     </span>
     <span class='ocr_line' id='line_1_49' title="bbox 237 3317 1189 3375; baseline 0 -12"><span class='ocrx_word' id='word_1_327' title='bbox 237 3319 549 3363; x_wconf 77' lang='lat' dir='ltr'><strong>dinairemeut</strong></span> <span class='ocrx_word' id='word_1_328' title='bbox 561 3330 672 3360; x_wconf 77' lang='lat' dir='ltr'><strong>avec</strong></span> <span class='ocrx_word' id='word_1_329' title='bbox 689 3317 733 3362; x_wconf 91' lang='lat' dir='ltr'><strong>le</strong></span> <span class='ocrx_word' id='word_1_330' title='bbox 751 3317 922 3373; x_wconf 71' lang='lat' dir='ltr'><strong>genitif</strong></span> <span class='ocrx_word' id='word_1_331' title='bbox 936 3320 993 3363; x_wconf 90' lang='lat' dir='ltr'><strong>de</strong></span> <span class='ocrx_word' id='word_1_332' title='bbox 1013 3319 1057 3362; x_wconf 82' lang='lat' dir='ltr'><strong>la</strong></span> <span class='ocrx_word' id='word_1_333' title='bbox 1076 3333 1189 3375; x_wconf 85' lang='lat' dir='ltr'><strong>per-</strong></span> 
     </span>
     <span class='ocr_line' id='line_1_50' title="bbox 239 3370 1191 3416; baseline -0.001 0"><span class='ocrx_word' id='word_1_334' title='bbox 239 3386 400 3416; x_wconf 85' lang='lat' dir='ltr'><strong>sonne.</strong></span> <span class='ocrx_word' id='word_1_335' title='bbox 425 3370 589 3414; x_wconf 79' lang='lat' dir='ltr'><strong>Plauto</strong></span> <span class='ocrx_word' id='word_1_336' title='bbox 615 3383 642 3413; x_wconf 81' lang='lat' dir='ltr'><strong>a</strong></span> <span class='ocrx_word' id='word_1_337' title='bbox 664 3371 781 3413; x_wconf 73' lang='lat' dir='ltr'><strong>ecrit</strong></span> <span class='ocrx_word' id='word_1_338' title='bbox 803 3372 861 3415; x_wconf 90' lang='lat' dir='ltr'><strong>de</strong></span> <span class='ocrx_word' id='word_1_339' title='bbox 879 3374 1028 3416; x_wconf 77' lang='lat' dir='ltr'><strong>meme</strong></span> <span class='ocrx_word' id='word_1_340' title='bbox 1059 3387 1071 3415; x_wconf 73' lang='lat' dir='ltr'><strong><em>z</em></strong></span> <span class='ocrx_word' id='word_1_341' title='bbox 1104 3375 1191 3416; x_wconf 69' lang='lat' dir='ltr'><strong>Cui</strong></span> 
     </span>
     <span class='ocr_line' id='line_1_51' title="bbox 237 3424 1190 3468; baseline 0 0"><span class='ocrx_word' id='word_1_342' title='bbox 237 3428 308 3468; x_wconf 75' lang='lat' dir='ltr'><strong>rei</strong></span> <span class='ocrx_word' id='word_1_343' title='bbox 328 3426 490 3468; x_wconf 72' lang='lat' dir='ltr'><strong>retulit</strong></span> <span class='ocrx_word' id='word_1_344' title='bbox 509 3424 812 3466; x_wconf 69' lang='lat' dir='ltr'><strong>assimulare?</strong></span> <span class='ocrx_word' id='word_1_345' title='bbox 824 3428 873 3466; x_wconf 82' lang='lat' dir='ltr'><strong>et</strong></span> <span class='ocrx_word' id='word_1_346' title='bbox 885 3425 1044 3468; x_wconf 80' lang='lat' dir='ltr'><strong>Tacite</strong></span> <span class='ocrx_word' id='word_1_347' title='bbox 1063 3441 1074 3468; x_wconf 90' lang='lat'>:</span> <span class='ocrx_word' id='word_1_348' title='bbox 1089 3429 1190 3468; x_wconf 82' lang='lat' dir='ltr'><strong>Non</strong></span> 
     </span>
     <span class='ocr_line' id='line_1_52' title="bbox 236 3477 1189 3585; baseline -0.001 -11"><span class='ocrx_word' id='word_1_349' title='bbox 236 3477 728 3585; x_wconf 55' lang='lat' dir='ltr'><strong>g⁶sgsgafflgi⁰ffiffi</strong></span> <span class='ocrx_word' id='word_1_350' title='bbox 740 3479 1189 3585; x_wconf 53' lang='lat' dir='ltr'><strong>:essfftzng‘fisssssf</strong></span> 
     </span>
    </p>

    <p class='ocr_par' dir='ltr' id='par_1_23' title="bbox 285 3562 1187 3641">
     <span class='ocr_line' id='line_1_53' title="bbox 285 3562 1187 3641; baseline 0.001 -12"><span class='ocrx_word' id='word_1_351' title='bbox 285 3585 358 3629; x_wconf 83' lang='lat' dir='ltr'><strong>ret</strong></span> <span class='ocrx_word' id='word_1_352' title='bbox 373 3597 406 3641; x_wconf 72' lang='lat' dir='ltr'>y</span> <span class='ocrx_word' id='word_1_353' title='bbox 425 3583 565 3627; x_wconf 74' lang='lat' dir='ltr'><strong>a-t-il</strong></span> <span class='ocrx_word' id='word_1_354' title='bbox 579 3582 658 3627; x_wconf 59' lang='lat' dir='ltr'><strong>vet</strong></span> <span class='ocrx_word' id='word_1_355' title='bbox 675 3582 720 3626; x_wconf 72' lang='lat' dir='ltr'><strong>le</strong></span> <span class='ocrx_word' id='word_1_356' title='bbox 739 3581 862 3625; x_wconf 73' lang='lat' dir='ltr'><strong>datis</strong></span> <span class='ocrx_word' id='word_1_357' title='bbox 877 3562 990 3638; x_wconf 79' lang='lat' dir='ltr'><strong>peu&#39;t</strong></span> <span class='ocrx_word' id='word_1_358' title='bbox 1009 3594 1060 3626; x_wconf 76' lang='lat' dir='ltr'><strong>se</strong></span> <span class='ocrx_word' id='word_1_359' title='bbox 1085 3589 1187 3630; x_wconf 60' lang='lat' dir='ltr'><strong>tza-</strong></span> 
     </span>
    </p>
   </div>
   <div class='ocr_carea' id='block_1_13' title="bbox 1240 1944 2191 2008">
    <p class='ocr_par' dir='ltr' id='par_1_24' title="bbox 1240 1944 2191 2008">
     <span class='ocr_line' id='line_1_54' title="bbox 1240 1944 2191 2008; baseline -0.003 -20"><span class='ocrx_word' id='word_1_360' title='bbox 1240 1945 1375 1988; x_wconf 85' lang='lat' dir='ltr'><strong>duire</strong></span> <span class='ocrx_word' id='word_1_361' title='bbox 1392 1957 1480 2008; x_wconf 58' lang='lat' dir='ltr'><strong>pag⁸</strong></span> <span class='ocrx_word' id='word_1_362' title='bbox 1492 1958 1632 2000; x_wconf 73' lang='lat' dir='ltr'><strong>pour.</strong></span> <span class='ocrx_word' id='word_1_363' title='bbox 1647 1966 1701 1978; x_wconf 92' lang='lat'>—</span> <span class='ocrx_word' id='word_1_364' title='bbox 1713 1947 1848 1987; x_wconf 81' lang='lat' dir='ltr'><strong>Intra</strong></span> <span class='ocrx_word' id='word_1_365' title='bbox 1866 1950 2047 1986; x_wconf 60' lang='lat' dir='ltr'><strong>nature</strong></span> <span class='ocrx_word' id='word_1_366' title='bbox 2061 1944 2191 1998; x_wconf 73' lang='lat' dir='ltr'><strong>fines.</strong></span> 
     </span>
    </p>
   </div>
   <div class='ocr_carea' id='block_1_14' title="bbox 1241 1993 2192 2107">
    <p class='ocr_par' dir='ltr' id='par_1_25' title="bbox 1241 1993 2192 2107">
     <span class='ocr_line' id='line_1_55' title="bbox 1241 1993 1995 2053; baseline -0.005 -11"><span class='ocrx_word' id='word_1_367' title='bbox 1241 1997 1371 2042; x_wconf 86' lang='lat' dir='ltr'><strong>Celui</strong></span> <span class='ocrx_word' id='word_1_368' title='bbox 1390 2011 1473 2053; x_wconf 85' lang='lat' dir='ltr'><strong>qm</strong></span> <span class='ocrx_word' id='word_1_369' title='bbox 1491 2011 1550 2041; x_wconf 87' lang='lat' dir='ltr'><strong>ne</strong></span> <span class='ocrx_word' id='word_1_370' title='bbox 1571 1996 1659 2040; x_wconf 82' lang='lat' dir='ltr'><strong>fait</strong></span> <span class='ocrx_word' id='word_1_371' title='bbox 1680 2010 1767 2053; x_wconf 84' lang='lat' dir='ltr'><strong>pas</strong></span> <span class='ocrx_word' id='word_1_372' title='bbox 1791 1993 1995 2040; x_wconf 75' lang='lat' dir='ltr'><strong>d&#39;exccs.</strong></span> 
     </span>
     <span class='ocr_line' id='line_1_56' title="bbox 1292 2049 2192 2107; baseline -0.003 -13"><span class='ocrx_word' id='word_1_373' title='bbox 1292 2053 1361 2094; x_wconf 87' lang='grc'><strong>28.</strong></span> <span class='ocrx_word' id='word_1_374' title='bbox 1381 2055 1612 2106; x_wconf 67' lang='lat' dir='ltr'><strong>Iugerum,</strong></span> <span class='ocrx_word' id='word_1_375' title='bbox 1639 2063 1822 2095; x_wconf 81' lang='lat' dir='ltr'><strong>mesure</strong></span> <span class='ocrx_word' id='word_1_376' title='bbox 1849 2062 1968 2107; x_wconf 83' lang='lat' dir='ltr'><strong>pour</strong></span> <span class='ocrx_word' id='word_1_377' title='bbox 1990 2049 2033 2092; x_wconf 83' lang='lat' dir='ltr'><strong>la</strong></span> <span class='ocrx_word' id='word_1_378' title='bbox 2051 2053 2192 2101; x_wconf 84' lang='lat' dir='ltr'><strong>terre,</strong></span> 
     </span>
    </p>
   </div>
   <div class='ocr_carea' id='block_1_15' title="bbox 1239 2104 1933 2148">
    <p class='ocr_par' dir='ltr' id='par_1_26' title="bbox 1239 2104 1933 2148">
     <span class='ocr_line' id='line_1_57' title="bbox 1239 2104 1933 2148; baseline -0.001 -1"><span class='ocrx_word' id='word_1_379' title='bbox 1239 2104 1402 2148; x_wconf 77' lang='lat' dir='ltr'><strong>valant</strong></span> <span class='ocrx_word' id='word_1_380' title='bbox 1418 2108 1470 2147; x_wconf 87' lang='grc'><strong>25</strong></span> <span class='ocrx_word' id='word_1_381' title='bbox 1494 2117 1597 2147; x_wconf 87' lang='lat' dir='ltr'><strong>ares</strong></span> <span class='ocrx_word' id='word_1_382' title='bbox 1614 2107 1667 2145; x_wconf 86' lang='grc'><strong>26</strong></span> <span class='ocrx_word' id='word_1_383' title='bbox 1687 2105 1933 2148; x_wconf 80' lang='lat' dir='ltr'><strong>centiares.</strong></span> 
     </span>
    </p>
   </div>
   <div class='ocr_carea' id='block_1_16' title="bbox 1242 2155 2197 3467">
    <p class='ocr_par' dir='ltr' id='par_1_27' title="bbox 1242 2155 2196 2318">
     <span class='ocr_line' id='line_1_58' title="bbox 1293 2155 2196 2213; baseline -0.003 -13"><span class='ocrx_word' id='word_1_384' title='bbox 1293 2161 1363 2200; x_wconf 83' lang='grc'><strong>29.</strong></span> <span class='ocrx_word' id='word_1_385' title='bbox 1394 2161 1604 2206; x_wconf 74' lang='lat' dir='ltr'><strong>camera,</strong></span> <span class='ocrx_word' id='word_1_386' title='bbox 1627 2170 1690 2199; x_wconf 86' lang='lat' dir='ltr'><strong>un</strong></span> <span class='ocrx_word' id='word_1_387' title='bbox 1710 2157 1875 2213; x_wconf 85' lang='lat' dir='ltr'><strong>panier</strong></span> <span class='ocrx_word' id='word_1_388' title='bbox 1892 2155 2063 2199; x_wconf 86' lang='lat' dir='ltr'><strong>d&#39;osier</strong></span> <span class='ocrx_word' id='word_1_389' title='bbox 2074 2167 2196 2211; x_wconf 85' lang='lat' dir='ltr'><strong>pour</strong></span> 
     </span>
     <span class='ocr_line' id='line_1_59' title="bbox 1243 2206 2195 2266; baseline -0.002 -13"><span class='ocrx_word' id='word_1_390' title='bbox 1243 2211 1415 2266; x_wconf 76' lang='lat' dir='ltr'><strong>garder</strong></span> <span class='ocrx_word' id='word_1_391' title='bbox 1435 2210 1482 2254; x_wconf 93' lang='lat' dir='ltr'><strong>le</strong></span> <span class='ocrx_word' id='word_1_392' title='bbox 1499 2210 1594 2253; x_wconf 77' lang='lat' dir='ltr'><strong>ble.</strong></span> <span class='ocrx_word' id='word_1_393' title='bbox 1615 2209 1677 2254; x_wconf 90' lang='lat' dir='ltr'><strong>Ce</strong></span> <span class='ocrx_word' id='word_1_394' title='bbox 1695 2210 1857 2266; x_wconf 69' lang='lat' dir='ltr'><strong>punior</strong></span> <span class='ocrx_word' id='word_1_395' title='bbox 1874 2223 1932 2253; x_wconf 88' lang='lat' dir='ltr'><strong>en</strong></span> <span class='ocrx_word' id='word_1_396' title='bbox 1959 2206 2195 2251; x_wconf 69' lang='lat' dir='ltr'><strong>contenai*</strong></span> 
     </span>
     <span class='ocr_line' id='line_1_60' title="bbox 1242 2263 1758 2318; baseline 0 -13"><span class='ocrx_word' id='word_1_397' title='bbox 1242 2263 1472 2318; x_wconf 82' lang='lat' dir='ltr'><strong>quelques</strong></span> <span class='ocrx_word' id='word_1_398' title='bbox 1490 2263 1758 2307; x_wconf 85' lang='lat' dir='ltr'><strong>boisseaux.</strong></span> 
     </span>
    </p>

    <p class='ocr_par' dir='ltr' id='par_1_28' title="bbox 1271 2314 2195 2475">
     <span class='ocr_line' id='line_1_61' title="bbox 1297 2314 2195 2367; baseline -0.004 -9"><span class='ocrx_word' id='word_1_399' title='bbox 1297 2320 1367 2360; x_wconf 93' lang='grc'><strong>30.</strong></span> <span class='ocrx_word' id='word_1_400' title='bbox 1391 2320 1532 2365; x_wconf 78' lang='lat' dir='ltr'><strong>Urna,</strong></span> <span class='ocrx_word' id='word_1_401' title='bbox 1554 2328 1683 2367; x_wconf 85' lang='lat' dir='ltr'><strong>urne,</strong></span> <span class='ocrx_word' id='word_1_402' title='bbox 1704 2315 1748 2357; x_wconf 86' lang='lat' dir='ltr'><strong>la</strong></span> <span class='ocrx_word' id='word_1_403' title='bbox 1760 2314 1921 2358; x_wconf 77' lang='lat' dir='ltr'><strong>moitie</strong></span> <span class='ocrx_word' id='word_1_404' title='bbox 1940 2314 2074 2356; x_wconf 89' lang='lat' dir='ltr'><strong>d&#39;une</strong></span> <span class='ocrx_word' id='word_1_405' title='bbox 2092 2325 2195 2355; x_wconf 88' lang='lat' dir='ltr'><strong>am-</strong></span> 
     </span>
     <span class='ocr_line' id='line_1_62' title="bbox 1277 2366 2192 2422; baseline -0.004 -11"><span class='ocrx_word' id='word_1_406' title='bbox 1277 2369 1406 2422; x_wconf 82' lang='lat' dir='ltr'><strong>hore‚</strong></span> <span class='ocrx_word' id='word_1_407' title='bbox 1428 2368 1600 2422; x_wconf 79' lang='lat' dir='ltr'><strong>valant,</strong></span> <span class='ocrx_word' id='word_1_408' title='bbox 1620 2381 1678 2411; x_wconf 90' lang='lat' dir='ltr'><strong>en</strong></span> <span class='ocrx_word' id='word_1_409' title='bbox 1696 2380 1907 2411; x_wconf 85' lang='lat' dir='ltr'><strong>mesures</strong></span> <span class='ocrx_word' id='word_1_410' title='bbox 1920 2366 2192 2420; x_wconf 70' lang='lat' dir='ltr'><strong>meti-iquos,</strong></span> 
     </span>
     <span class='ocr_line' id='line_1_63' title="bbox 1271 2421 2192 2475; baseline -0.004 -11"><span class='ocrx_word' id='word_1_411' title='bbox 1271 2424 1296 2464; x_wconf 88' lang='lat'><strong>8</strong></span> <span class='ocrx_word' id='word_1_412' title='bbox 1314 2423 1341 2464; x_wconf 73' lang='grc' dir='ltr'>ὲ</span> <span class='ocrx_word' id='word_1_413' title='bbox 1357 2425 1410 2465; x_wconf 87' lang='grc'><strong>20</strong></span> <span class='ocrx_word' id='word_1_414' title='bbox 1434 2421 1586 2465; x_wconf 74' lang='lat' dir='ltr'><strong>litt-es·</strong></span> <span class='ocrx_word' id='word_1_415' title='bbox 1614 2444 1668 2454; x_wconf 91' lang='lat'><strong>—</strong></span> <span class='ocrx_word' id='word_1_416' title='bbox 1694 2421 1886 2473; x_wconf 78' lang='lat' dir='ltr'><strong>cyatho,</strong></span> <span class='ocrx_word' id='word_1_417' title='bbox 1914 2432 2003 2462; x_wconf 88' lang='lat' dir='ltr'><strong>une</strong></span> <span class='ocrx_word' id='word_1_418' title='bbox 2031 2431 2192 2475; x_wconf 85' lang='lat' dir='ltr'><strong>coupe,</strong></span> 
     </span>
    </p>

    <p class='ocr_par' dir='ltr' id='par_1_29' title="bbox 1245 2472 2195 2583">
     <span class='ocr_line' id='line_1_64' title="bbox 1245 2472 2195 2524; baseline -0.005 -7"><span class='ocrx_word' id='word_1_419' title='bbox 1245 2489 1308 2517; x_wconf 86' lang='lat' dir='ltr'><strong>un</strong></span> <span class='ocrx_word' id='word_1_420' title='bbox 1323 2488 1460 2518; x_wconf 82' lang='lat' dir='ltr'><strong>verre</strong></span> <span class='ocrx_word' id='word_1_421' title='bbox 1478 2475 1622 2518; x_wconf 85' lang='lat' dir='ltr'><strong>d&#39;eau.</strong></span> <span class='ocrx_word' id='word_1_422' title='bbox 1641 2496 1696 2507; x_wconf 90' lang='lat'>-</span> <span class='ocrx_word' id='word_1_423' title='bbox 1713 2477 1769 2517; x_wconf 77' lang='lat' dir='ltr'><strong>Ut</strong></span> <span class='ocrx_word' id='word_1_424' title='bbox 1786 2475 1842 2524; x_wconf 78' lang='lat' dir='ltr'><strong>si,</strong></span> <span class='ocrx_word' id='word_1_425' title='bbox 1872 2485 2050 2515; x_wconf 90' lang='lat' dir='ltr'><strong>comme</strong></span> <span class='ocrx_word' id='word_1_426' title='bbox 2065 2472 2122 2513; x_wconf 91' lang='lat' dir='ltr'><strong>si.</strong></span> <span class='ocrx_word' id='word_1_427' title='bbox 2141 2493 2195 2503; x_wconf 92' lang='lat'><strong>—</strong></span> 
     </span>
     <span class='ocr_line' id='line_1_65' title="bbox 1245 2527 2192 2583; baseline -0.005 -13"><span class='ocrx_word' id='word_1_428' title='bbox 1245 2529 1385 2570; x_wconf 72' lang='lat' dir='ltr'><strong>Dt&#39;cas</strong></span> <span class='ocrx_word' id='word_1_429' title='bbox 1404 2527 1589 2583; x_wconf 76' lang='lat' dir='ltr'><strong>depend</strong></span> <span class='ocrx_word' id='word_1_430' title='bbox 1604 2527 1661 2570; x_wconf 91' lang='lat' dir='ltr'><strong>de</strong></span> <span class='ocrx_word' id='word_1_431' title='bbox 1677 2533 1728 2568; x_wconf 81' lang='lat' dir='ltr'><strong>ut</strong></span> <span class='ocrx_word' id='word_1_432' title='bbox 1739 2528 1783 2569; x_wconf 74' lang='lat' dir='ltr'><strong>si</strong></span> <span class='ocrx_word' id='word_1_433' title='bbox 1796 2538 1973 2568; x_wconf 86' lang='lat' dir='ltr'><strong>comme</strong></span> <span class='ocrx_word' id='word_1_434' title='bbox 1991 2537 2104 2579; x_wconf 81' lang='lat' dir='ltr'><strong>opus</strong></span> <span class='ocrx_word' id='word_1_435' title='bbox 2116 2527 2192 2566; x_wconf 75' lang='lat' dir='ltr'><strong>sit.</strong></span> 
     </span>
    </p>

    <p class='ocr_par' dir='ltr' id='par_1_30' title="bbox 1245 2579 2194 2687">
     <span class='ocr_line' id='line_1_66' title="bbox 1298 2579 2194 2634; baseline -0.004 -13"><span class='ocrx_word' id='word_1_436' title='bbox 1298 2583 1367 2621; x_wconf 86' lang='grc'><strong>31.</strong></span> <span class='ocrx_word' id='word_1_437' title='bbox 1401 2582 1462 2621; x_wconf 85' lang='lat' dir='ltr'><strong>Eo</strong></span> <span class='ocrx_word' id='word_1_438' title='bbox 1484 2581 1541 2634; x_wconf 74' lang='lat' dir='ltr'><strong>fit</strong></span> <span class='ocrx_word' id='word_1_439' title='bbox 1568 2586 1620 2621; x_wconf 83' lang='lat' dir='ltr'><strong>ut</strong></span> <span class='ocrx_word' id='word_1_440' title='bbox 1645 2580 1690 2622; x_wconf 75' lang='lat' dir='ltr'><strong>si</strong></span> <span class='ocrx_word' id='word_1_441' title='bbox 1714 2580 1851 2634; x_wconf 75' lang='lat' dir='ltr'><strong>copia</strong></span> <span class='ocrx_word' id='word_1_442' title='bbox 1871 2579 2052 2632; x_wconf 74' lang='lat' dir='ltr'><strong>pleutor</strong></span> <span class='ocrx_word' id='word_1_443' title='bbox 2064 2579 2194 2631; x_wconf 74' lang='lat' dir='ltr'><strong>justo</strong></span> 
     </span>
     <span class='ocr_line' id='line_1_67' title="bbox 1245 2630 2193 2687; baseline -0.003 -13"><span class='ocrx_word' id='word_1_444' title='bbox 1245 2644 1359 2687; x_wconf 80' lang='lat' dir='ltr'><strong>quos</strong></span> <span class='ocrx_word' id='word_1_445' title='bbox 1372 2633 1579 2674; x_wconf 78' lang='lat' dir='ltr'><strong>delectet.</strong></span> <span class='ocrx_word' id='word_1_446' title='bbox 1602 2654 1656 2664; x_wconf 91' lang='lat'><strong>—</strong></span> <span class='ocrx_word' id='word_1_447' title='bbox 1682 2633 1816 2686; x_wconf 78' lang='lat' dir='ltr'><strong>Quos,</strong></span> <span class='ocrx_word' id='word_1_448' title='bbox 1874 2630 1947 2673; x_wconf 85' lang='lat' dir='ltr'><strong>uel</strong></span> <span class='ocrx_word' id='word_1_449' title='bbox 1986 2642 2193 2672; x_wconf 81' lang='lat' dir='ltr'><strong>nes-uns.</strong></span> 
     </span>
    </p>

    <p class='ocr_par' dir='ltr' id='par_1_31' title="bbox 1244 2684 2197 3057">
     <span class='ocr_line' id='line_1_68' title="bbox 1299 2684 1922 2738; baseline -0.003 -11"><span class='ocrx_word' id='word_1_450' title='bbox 1299 2688 1367 2727; x_wconf 87' lang='grc'><strong>32.</strong></span> <span class='ocrx_word' id='word_1_451' title='bbox 1391 2685 1584 2738; x_wconf 77' lang='lat' dir='ltr'><strong>Aufidus</strong></span> <span class='ocrx_word' id='word_1_452' title='bbox 1612 2696 1735 2726; x_wconf 81' lang='lat' dir='ltr'><strong>acer.</strong></span> <span class='ocrx_word' id='word_1_453' title='bbox 1765 2687 1812 2725; x_wconf 77' lang='lat' dir='ltr'><strong>V.</strong></span> <span class='ocrx_word' id='word_1_454' title='bbox 1876 2684 1922 2726; x_wconf 90' lang='lat' dir='ltr'><strong>d.</strong></span> 
     </span>
     <span class='ocr_line' id='line_1_69' title="bbox 1246 2734 2197 2791; baseline -0.004 -11"><span class='ocrx_word' id='word_1_455' title='bbox 1246 2740 1313 2780; x_wconf 85' lang='lat'><strong>10.</strong></span> <span class='ocrx_word' id='word_1_456' title='bbox 1334 2738 1512 2780; x_wconf 83' lang='lat' dir='ltr'><strong>Horace</strong></span> <span class='ocrx_word' id='word_1_457' title='bbox 1523 2742 1637 2780; x_wconf 82' lang='lat' dir='ltr'><strong>veut</strong></span> <span class='ocrx_word' id='word_1_458' title='bbox 1655 2735 1808 2791; x_wconf 85' lang='lat' dir='ltr'><strong>parler</strong></span> <span class='ocrx_word' id='word_1_459' title='bbox 1823 2736 1931 2778; x_wconf 87' lang='lat' dir='ltr'><strong>d’un</strong></span> <span class='ocrx_word' id='word_1_460' title='bbox 1944 2734 2094 2778; x_wconf 86' lang='lat' dir='ltr'><strong>sseuve</strong></span> <span class='ocrx_word' id='word_1_461' title='bbox 2112 2735 2197 2776; x_wconf 88' lang='lat' dir='ltr'><strong>im-</strong></span> 
     </span>
     <span class='ocr_line' id='line_1_70' title="bbox 1244 2787 2196 2846; baseline -0.003 -14"><span class='ocrx_word' id='word_1_462' title='bbox 1244 2791 1451 2846; x_wconf 74' lang='lat' dir='ltr'><strong>petueux</strong></span> <span class='ocrx_word' id='word_1_463' title='bbox 1470 2796 1518 2833; x_wconf 86' lang='lat' dir='ltr'><strong>et</strong></span> <span class='ocrx_word' id='word_1_464' title='bbox 1534 2789 1726 2841; x_wconf 80' lang='lat' dir='ltr'><strong>violent,</strong></span> <span class='ocrx_word' id='word_1_465' title='bbox 1748 2794 1795 2832; x_wconf 82' lang='lat' dir='ltr'><strong>et</strong></span> <span class='ocrx_word' id='word_1_466' title='bbox 1813 2788 1848 2830; x_wconf 93' lang='lat' dir='ltr'><strong>il</strong></span> <span class='ocrx_word' id='word_1_467' title='bbox 1868 2789 2020 2831; x_wconf 86' lang='lat' dir='ltr'><strong>donne</strong></span> <span class='ocrx_word' id='word_1_468' title='bbox 2038 2787 2196 2844; x_wconf 73' lang='lat' dir='ltr'><strong>poeti-</strong></span> 
     </span>
     <span class='ocr_line' id='line_1_71' title="bbox 1244 2840 2197 2949; baseline -0.001 -11"><span class='ocrx_word' id='word_1_469' title='bbox 1244 2840 2197 2949; x_wconf 45' lang='lat' dir='ltr'><strong>flsssss‘zss‘adfzf‘ztwssflexamus.</strong></span> 
     </span>
     <span class='ocr_line' id='line_1_72' title="bbox 1244 2947 2197 3003; baseline -0.003 -11"><span class='ocrx_word' id='word_1_470' title='bbox 1244 2954 1341 2992; x_wconf 86' lang='lat' dir='ltr'><strong>tem</strong></span> <span class='ocrx_word' id='word_1_471' title='bbox 1378 2961 1402 2992; x_wconf 88' lang='lat' dir='ltr'><strong>s</strong></span> <span class='ocrx_word' id='word_1_472' title='bbox 1429 2962 1493 2990; x_wconf 88' lang='lat' dir='ltr'><strong>un</strong></span> <span class='ocrx_word' id='word_1_473' title='bbox 1525 2947 1744 2991; x_wconf 79' lang='lat' dir='ltr'><strong>souvenir</strong></span> <span class='ocrx_word' id='word_1_474' title='bbox 1774 2948 1833 2992; x_wconf 91' lang='lat' dir='ltr'><strong>de</strong></span> <span class='ocrx_word' id='word_1_475' title='bbox 1859 2959 1947 2992; x_wconf 86' lang='lat' dir='ltr'><strong>son</strong></span> <span class='ocrx_word' id='word_1_476' title='bbox 1977 2959 2112 3003; x_wconf 80' lang='lat' dir='ltr'><strong>pays.</strong></span> <span class='ocrx_word' id='word_1_477' title='bbox 2143 2968 2197 2981; x_wconf 90' lang='lat'>-</span> 
     </span>
     <span class='ocr_line' id='line_1_73' title="bbox 1244 3002 2113 3057; baseline -0.003 -12"><span class='ocrx_word' id='word_1_478' title='bbox 1244 3004 1344 3045; x_wconf 74' lang='grc' dir='ltr'><strong>Ανιι</strong></span> <span class='ocrx_word' id='word_1_479' title='bbox 1388 3014 1448 3051; x_wconf 79' lang='lat' dir='ltr'><strong>os,</strong></span> <span class='ocrx_word' id='word_1_480' title='bbox 1476 3002 1583 3057; x_wconf 88' lang='lat' dir='ltr'><strong>plus</strong></span> <span class='ocrx_word' id='word_1_481' title='bbox 1613 3006 1903 3044; x_wconf 84' lang='lat' dir='ltr'><strong>exactement</strong></span> <span class='ocrx_word' id='word_1_482' title='bbox 1923 3002 2113 3043; x_wconf 75' lang='lat' dir='ltr'><strong>avolsos.</strong></span> 
     </span>
    </p>

    <p class='ocr_par' dir='ltr' id='par_1_32' title="bbox 1244 3054 2196 3203">
     <span class='ocr_line' id='line_1_74' title="bbox 1299 3054 2196 3109; baseline -0.003 -13"><span class='ocrx_word' id='word_1_483' title='bbox 1299 3058 1369 3097; x_wconf 88' lang='grc'><strong>33.</strong></span> <span class='ocrx_word' id='word_1_484' title='bbox 1408 3058 1539 3097; x_wconf 81' lang='lat' dir='ltr'><strong>Bona</strong></span> <span class='ocrx_word' id='word_1_485' title='bbox 1573 3071 1630 3092; x_wconf 91' lang='lat'>=</span> <span class='ocrx_word' id='word_1_486' title='bbox 1654 3066 1843 3109; x_wconf 77' lang='lat' dir='ltr'><strong>magna.</strong></span> <span class='ocrx_word' id='word_1_487' title='bbox 1884 3076 1938 3086; x_wconf 92' lang='lat'><strong>—</strong></span> <span class='ocrx_word' id='word_1_488' title='bbox 1974 3054 2196 3107; x_wconf 74' lang='lat' dir='ltr'><strong>Cupidine</strong></span> 
     </span>
     <span class='ocr_line' id='line_1_75' title="bbox 1244 3107 2196 3163; baseline -0.004 -11"><span class='ocrx_word' id='word_1_489' title='bbox 1244 3109 1387 3163; x_wconf 80' lang='lat' dir='ltr'><strong>salso·</strong></span> <span class='ocrx_word' id='word_1_490' title='bbox 1417 3107 1478 3152; x_wconf 91' lang='lat' dir='ltr'><strong>Ce</strong></span> <span class='ocrx_word' id='word_1_491' title='bbox 1501 3119 1611 3151; x_wconf 88' lang='lat' dir='ltr'><strong>nom</strong></span> <span class='ocrx_word' id='word_1_492' title='bbox 1637 3119 1689 3150; x_wconf 85' lang='lat' dir='ltr'><strong>se</strong></span> <span class='ocrx_word' id='word_1_493' title='bbox 1714 3113 1959 3150; x_wconf 85' lang='lat' dir='ltr'><strong>rencontre</strong></span> <span class='ocrx_word' id='word_1_494' title='bbox 1986 3107 2196 3162; x_wconf 86' lang='lat' dir='ltr'><strong>toujours</strong></span> 
     </span>
     <span class='ocr_line' id='line_1_76' title="bbox 1246 3160 1895 3203; baseline -0.002 0"><span class='ocrx_word' id='word_1_495' title='bbox 1246 3173 1304 3203; x_wconf 86' lang='lat' dir='ltr'><strong>au</strong></span> <span class='ocrx_word' id='word_1_496' title='bbox 1320 3160 1548 3202; x_wconf 84' lang='lat' dir='ltr'><strong>masculin</strong></span> <span class='ocrx_word' id='word_1_497' title='bbox 1571 3161 1682 3203; x_wconf 90' lang='lat' dir='ltr'><strong>chez</strong></span> <span class='ocrx_word' id='word_1_498' title='bbox 1702 3161 1895 3203; x_wconf 85' lang='lat' dir='ltr'><strong>Horace.</strong></span> 
     </span>
    </p>

    <p class='ocr_par' dir='ltr' id='par_1_33' title="bbox 1245 3215 2195 3375">
     <span class='ocr_line' id='line_1_77' title="bbox 1298 3215 2194 3266; baseline -0.003 -11"><span class='ocrx_word' id='word_1_499' title='bbox 1298 3216 1366 3256; x_wconf 71' lang='lat'><strong>34.</strong></span> <span class='ocrx_word' id='word_1_500' title='bbox 1391 3216 1528 3256; x_wconf 75' lang='lat' dir='ltr'><strong>Tanti</strong></span> <span class='ocrx_word' id='word_1_501' title='bbox 1543 3216 1622 3263; x_wconf 75' lang='lat' dir='ltr'><strong>sis,</strong></span> <span class='ocrx_word' id='word_1_502' title='bbox 1641 3219 1694 3256; x_wconf 84' lang='lat' dir='ltr'><strong>tu</strong></span> <span class='ocrx_word' id='word_1_503' title='bbox 1711 3226 1840 3256; x_wconf 84' lang='lat' dir='ltr'><strong>seras</strong></span> <span class='ocrx_word' id='word_1_504' title='bbox 1858 3217 2017 3255; x_wconf 72' lang='lat' dir='ltr'><strong>autaut</strong></span> <span class='ocrx_word' id='word_1_505' title='bbox 2035 3224 2126 3266; x_wconf 89' lang='lat' dir='ltr'><strong>que</strong></span> <span class='ocrx_word' id='word_1_506' title='bbox 2143 3215 2194 3253; x_wconf 83' lang='lat' dir='ltr'><strong>tu</strong></span> 
     </span>
     <span class='ocr_line' id='line_1_78' title="bbox 1245 3264 2195 3320; baseline -0.003 -12"><span class='ocrx_word' id='word_1_507' title='bbox 1245 3279 1404 3318; x_wconf 84' lang='lat' dir='ltr'><strong>auras,</strong></span> <span class='ocrx_word' id='word_1_508' title='bbox 1430 3268 1607 3310; x_wconf 46' lang='grc' dir='ltr'><strong>εμὲ-ἀ,</strong></span> <span class='ocrx_word' id='word_1_509' title='bbox 1636 3265 1802 3310; x_wconf 75' lang='lat' dir='ltr'><strong>estime</strong></span> <span class='ocrx_word' id='word_1_510' title='bbox 1833 3279 1890 3308; x_wconf 84' lang='lat' dir='ltr'><strong>au</strong></span> <span class='ocrx_word' id='word_1_511' title='bbox 1920 3264 2031 3320; x_wconf 82' lang='lat' dir='ltr'><strong>prix</strong></span> <span class='ocrx_word' id='word_1_512' title='bbox 2051 3265 2110 3306; x_wconf 91' lang='lat' dir='ltr'><strong>de</strong></span> <span class='ocrx_word' id='word_1_513' title='bbox 2143 3275 2195 3306; x_wconf 93' lang='lat' dir='ltr'><strong>ce</strong></span> 
     </span>
     <span class='ocr_line' id='line_1_79' title="bbox 1246 3316 1678 3375; baseline 0 -14"><span class='ocrx_word' id='word_1_514' title='bbox 1246 3332 1337 3375; x_wconf 85' lang='lat' dir='ltr'><strong>que</strong></span> <span class='ocrx_word' id='word_1_515' title='bbox 1359 3326 1411 3362; x_wconf 89' lang='lat' dir='ltr'><strong>tu</strong></span> <span class='ocrx_word' id='word_1_516' title='bbox 1432 3316 1678 3375; x_wconf 73' lang='lat' dir='ltr'><strong>possedes.</strong></span> 
     </span>
    </p>

    <p class='ocr_par' dir='ltr' id='par_1_34' title="bbox 1296 3366 2197 3467">
     <span class='ocr_line' id='line_1_80' title="bbox 1296 3366 2191 3427; baseline -0.008 -12"><span class='ocrx_word' id='word_1_517' title='bbox 1296 3375 1366 3415; x_wconf 80' lang='grc'><strong>35.</strong></span> <span class='ocrx_word' id='word_1_518' title='bbox 1390 3373 1509 3426; x_wconf 72' lang='lat' dir='ltr'><strong>Quid</strong></span> <span class='ocrx_word' id='word_1_519' title='bbox 1533 3373 1691 3427; x_wconf 74' lang='lat' dir='ltr'><strong>facias</strong></span> <span class='ocrx_word' id='word_1_520' title='bbox 1722 3372 1827 3413; x_wconf 71' lang='lat' dir='ltr'><strong>uli?</strong></span> <span class='ocrx_word' id='word_1_521' title='bbox 1855 3371 1947 3419; x_wconf 77' lang='lat' dir='ltr'><strong>uu,</strong></span> <span class='ocrx_word' id='word_1_522' title='bbox 1969 3370 1996 3410; x_wconf 66' lang='lat' dir='ltr'><strong>a</strong></span> <span class='ocrx_word' id='word_1_523' title='bbox 2029 3381 2090 3410; x_wconf 87' lang='lat' dir='ltr'><strong>un</strong></span> <span class='ocrx_word' id='word_1_524' title='bbox 2122 3366 2191 3409; x_wconf 80' lang='lat' dir='ltr'><strong>tel</strong></span> 
     </span>
     <span class='ocr_line' id='line_1_81' title="bbox 1783 3422 2197 3467; baseline -0.014 0"><span class='ocrx_word' id='word_1_525' title='bbox 1783 3435 1868 3467; x_wconf 85' lang='lat' dir='ltr'><strong>our</strong></span> <span class='ocrx_word' id='word_1_526' title='bbox 1887 3422 1933 3465; x_wconf 89' lang='lat' dir='ltr'><strong>le</strong></span> <span class='ocrx_word' id='word_1_527' title='bbox 1948 3422 2197 3464; x_wconf 75' lang='lat' dir='ltr'><strong>detourner</strong></span> 
     </span>
    </p>
   </div>
   <div class='ocr_carea' id='block_1_17' title="bbox 1999 2684 2193 2735">
    <p class='ocr_par' dir='ltr' id='par_1_35' title="bbox 1999 2684 2193 2735">
     <span class='ocr_line' id='line_1_82' title="bbox 1999 2684 2193 2735; baseline -0.005 -11"><span class='ocrx_word' id='word_1_528' title='bbox 1999 2684 2035 2735; x_wconf 88' lang='lat'><strong>1,</strong></span> <span class='ocrx_word' id='word_1_529' title='bbox 2064 2694 2193 2734; x_wconf 68' lang='lat' dir='ltr'><strong>xxm,</strong></span> 
     </span>
    </p>
   </div>
   <div class='ocr_carea' id='block_1_18' title="bbox 1241 3424 2196 3638">
    <p class='ocr_par' dir='ltr' id='par_1_36' title="bbox 1241 3424 2196 3638">
     <span class='ocr_line' id='line_1_83' title="bbox 1241 3424 2147 3482; baseline -0.004 -14"><span class='ocrx_word' id='word_1_530' title='bbox 1241 3425 1442 3468; x_wconf 82' lang='lat' dir='ltr'><strong>homme.</strong></span> <span class='ocrx_word' id='word_1_531' title='bbox 1469 3424 1699 3469; x_wconf 84' lang='lat' dir='ltr'><strong>Sous-ent.</strong></span> <span class='ocrx_word' id='word_1_532' title='bbox 1721 3439 1732 3466; x_wconf 70' lang='grc' dir='ltr'>ε</span> <span class='ocrx_word' id='word_1_533' title='bbox 2136 3472 2147 3482; x_wconf 95' lang='lat'><strong>.</strong></span> 
     </span>
     <span class='ocr_line' id='line_1_84' title="bbox 1243 3473 2196 3523; baseline -0.007 -2"><span class='ocrx_word' id='word_1_534' title='bbox 1243 3479 1302 3520; x_wconf 91' lang='lat' dir='ltr'><strong>de</strong></span> <span class='ocrx_word' id='word_1_535' title='bbox 1316 3484 1439 3521; x_wconf 80' lang='lat' dir='ltr'><strong>cette</strong></span> <span class='ocrx_word' id='word_1_536' title='bbox 1456 3476 1671 3520; x_wconf 64' lang='lat' dir='ltr'><strong>fecheuse</strong></span> <span class='ocrx_word' id='word_1_537' title='bbox 1689 3475 1740 3519; x_wconf 89' lang='lat' dir='ltr'><strong>id</strong></span> <span class='ocrx_word' id='word_1_538' title='bbox 1769 3490 1809 3520; x_wconf 87' lang='lat' dir='ltr'><strong>e.</strong></span> <span class='ocrx_word' id='word_1_539' title='bbox 1823 3498 1877 3509; x_wconf 91' lang='lat'>—</span> <span class='ocrx_word' id='word_1_540' title='bbox 1895 3473 2076 3523; x_wconf 76' lang='lat' dir='ltr'><strong>Jubeas,</strong></span> <span class='ocrx_word' id='word_1_541' title='bbox 2101 3473 2196 3515; x_wconf 73' lang='lat' dir='ltr'><strong>dm·</strong></span> 
     </span>
     <span class='ocr_line' id='line_1_85' title="bbox 1243 3524 2196 3588; baseline -0.004 -17"><span class='ocrx_word' id='word_1_542' title='bbox 1243 3530 1309 3572; x_wconf 88' lang='lat' dir='ltr'><strong>lui</strong></span> <span class='ocrx_word' id='word_1_543' title='bbox 1327 3531 1474 3574; x_wconf 72' lang='lat' dir='ltr'><strong>d&#39;etre</strong></span> <span class='ocrx_word' id='word_1_544' title='bbox 1493 3529 1810 3581; x_wconf 78' lang='lat' dir='ltr'><strong>malheureux,</strong></span> <span class='ocrx_word' id='word_1_545' title='bbox 1832 3527 2008 3573; x_wconf 58' lang='lat' dir='ltr'><strong>cea-d.</strong></span> <span class='ocrx_word' id='word_1_546' title='bbox 2034 3524 2196 3588; x_wconf 54' lang='lat' dir='ltr'><strong>luisse-</strong></span> 
     </span>
     <span class='ocr_line' id='line_1_86' title="bbox 1244 3580 2193 3638; baseline -0.005 -12"><span class='ocrx_word' id='word_1_547' title='bbox 1244 3583 1304 3626; x_wconf 88' lang='lat' dir='ltr'><strong>lc.</strong></span> <span class='ocrx_word' id='word_1_548' title='bbox 1315 3606 1369 3616; x_wconf 94' lang='lat'>-</span> <span class='ocrx_word' id='word_1_549' title='bbox 1382 3585 1629 3638; x_wconf 80' lang='lat' dir='ltr'><strong>Quatenus,</strong></span> <span class='ocrx_word' id='word_1_550' title='bbox 1643 3581 1843 3638; x_wconf 85' lang='lat' dir='ltr'><strong>puisque</strong></span> <span class='ocrx_word' id='word_1_551' title='bbox 1859 3595 1872 3624; x_wconf 73' lang='grc' dir='ltr'><strong><em>ε</em></strong></span> <span class='ocrx_word' id='word_1_552' title='bbox 1887 3580 2193 3635; x_wconf 74' lang='lat' dir='ltr'><strong>neologlsme.</strong></span> 
     </span>
    </p>
   </div>
   <div class='ocr_carea' id='block_1_19' title="bbox 1889 3676 1945 3723">
    <p class='ocr_par' dir='ltr' id='par_1_37' title="bbox 1889 3676 1945 3723">
     <span class='ocr_line' id='line_1_87' title="bbox 1889 3676 1945 3723; baseline 0 0"><span class='ocrx_word' id='word_1_553' title='bbox 1889 3676 1945 3723; x_wconf 80' lang='lat'><strong>12</strong></span> 
     </span>
    </p>
   </div>
  </div>
 </body>
</html>
