2690 4169
880 240 1312 295 EPISTOLAE,
1366 242 1412 293 1,
1467 255 1593 287 xvl.

2126 242 2219 288 373

255 354 593 414 Stultorum
622 355 898 413 incurata
923 356 1128 433 pudor
1152 355 1345 414 malus
1376 354 1584 413 ulcera
1610 355 1819 413 celat¹¹
1836 399 1848 411 .

255 433 321 493 Si
351 434 488 511 quis
510 432 671 491 bella
696 433 809 491 tibi
839 445 1005 492 terra
1033 446 1301 513 pugnata
1326 435 1598 513 marique

2139 436 2215 495 25

253 511 454 580 Dicat,
491 526 549 571 et
578 513 674 571 his
703 513 912 572 verbis
942 533 1163 572 vacuas
1194 513 1569 591 permulceat
1600 513 1843 572 aures¹²
1878 536 1892 571 ε

258 615 285 646 α
320 590 485 650 Tene
511 593 706 672 magis
738 591 969 651 salvum
995 592 1262 670 populus
1292 592 1460 662 velit,
1497 612 1572 649 an
1605 592 1897 669 populum
1921 605 1987 652 tu

256 670 473 729 Servet
500 671 563 728 in
595 671 879 749 ambiguo
911 672 1014 749 qui
1047 671 1312 730 consulit
1342 683 1403 730 et
1431 672 1543 730 tibi
1576 683 1633 729 et
1663 673 1802 729 urbi

252 748 582 827 Jupiter13,
623 775 649 805 »
681 750 943 829 Augusti
973 751 1185 809 laudes
1215 770 1551 830 agnoscere
1576 751 1808 829 possis.

258 828 412 887 Cum
442 831 672 907 pateris
704 831 951 907 sapiens
978 832 1453 909 emendatusque
1481 850 1711 898 vocari,

2139 833 2216 891 30

257 907 704 987 Respondesne
735 921 861 978 tu0‚
896 908 993 967 dic
1024 911 1229 979 sodeS,
1264 910 1617 967 nominess?
1644 943 1724 952 —
1754 909 1985 988 Nempe

255 986 367 1045 Vir
395 990 596 1047 bonus
627 998 686 1046 et
710 991 984 1066 prudens
1015 988 1136 1046 dici
1163 988 1438 1046 delector
1468 1008 1581 1067 ego
1615 1008 1682 1046 ac
1711 1000 1798 1047 tu.
1831 1023 1910 1033 ——

258 1066 377 1140 Qui
407 1068 576 1125 dedit
603 1067 719 1126 hoc
749 1067 991 1126 hodie¹⁵
1023 1087 1180 1136 crae,
1217 1068 1268 1126 si
1296 1066 1482 1135 volet,
1515 1069 1765 1135 auferet,
1801 1080 1887 1138 ut,
1925 1069 1975 1126 si

257 1143 564 1205 Detulerit
594 1148 789 1205 fasces
819 1147 1097 1225 indigno,
1127 1147 1406 1205 detrahet
1430 1147 1590 1205 idem
1622 1170 1633 1203 :

263 1248 290 1280 (ι
324 1224 517 1296 Pone,
547 1246 745 1285 meum
775 1226 851 1284 ’st
872 1250 926 1296 2),
954 1226 1171 1305 inquit.
1203 1225 1400 1296 Pon0‚
1433 1226 1751 1305 tristisque
1780 1229 2025 1286 recedo.

2139 1229 2217 1287 35

260 1304 427 1363 Idem
459 1306 512 1364 si
543 1306 757 1364 clamet
786 1306 999 1370 furem,
1028 1318 1211 1385 neget
1241 1325 1378 1364 esse
1409 1305 1719 1384 pudicum,

261 1383 606 1443 Contendat
633 1385 849 1464 laqueo
880 1384 1103 1443 collum
1128 1386 1440 1463 pressisse
1471 1396 1811 1462 paternum,

258 1462 550 1522 Mordear
579 1465 933 1542 opprobriis
965 1464 1135 1523 falsis
1166 1477 1510 1542 mutemque
1542 1463 1884 1523 colores¹⁶?

262 1541 480 1601 Falsus
511 1543 711 1601 honor
725 1541 899 1622 juvat
929 1556 988 1601 et
1017 1545 1273 1601 mendax
1301 1543 1549 1601 infamia
1576 1556 1767 1602 terret

2138 1546 2215 1604 39

264 1622 480 1695 Quem,
499 1622 620 1681 nisi
641 1625 1000 1681 mendosum
1022 1635 1080 1681 et
1101 1623 1563 1680 medicandum?
1582 1622 1692 1680 Vir
1711 1625 1911 1681 bonus
1930 1625 2218 1704 estquis?

259 1736 339 1745 —
384 1700 502 1774 Qui
530 1703 809 1761 consulta
827 1702 1098 1771 Patrum‚
1134 1701 1238 1780 qui
1266 1701 1437 1780 leges
1457 1699 1717 1779 juraque
1749 1705 2039 1773 servat17,

264 1780 399 1854 Quo
430 1781 627 1840 multae
656 1802 1006 1861 magnaeque
1032 1791 1316 1840 secantur
1336 1779 1545 1858 judice
1573 1780 1800 1851 lites¹⁸,

264 1860 399 1933 Quo
429 1879 530 1919 res
561 1880 863 1938 sponsore
893 1873 952 1920 et
975 1881 1094 1940 quo
1119 1880 1314 1919 causae
1341 1871 1497 1918 teste
1525 1861 1891 1918 tenentur²⁹.

259 1974 339 1983 —
385 1939 506 1997 Sed
535 1941 703 2000 videt
732 1940 893 1999 hunc
924 1940 1123 1999 omnis
1154 1942 1374 1998 domus
1407 1951 1466 1997 et
1491 1939 1717 1998 vicinia
1745 1952 1872 1998 tota

313 2163 378 2201 11.
408 2162 675 2202 Stultorum.
707 2164 755 2201 V.
786 2160 879 2203 Sat.
906 2162 942 2212 Ι,
971 2170 1040 2212 111,
1065 2162 1131 2200 7⁷.
1152 2180 1204 2191 -

186 2250 191 2255 .
258 2215 495 2259 lucarum,
522 2212 659 2266 qu'ils
689 2224 746 2253 ne
768 2212 870 2254 font
892 2226 978 2268 pas
1001 2212 1204 2266 soigner.

315 2268 380 2307 12.
407 2267 541 2308 Bella
613 2272 806 2318 agnata,
860 2277 979 2320 pour
1018 2279 1087 2318 pu
1121 2277 1206 2305 nas

252 2325 493 2413 {agnatus
514 2279 610 2371 (Pss

301 2371 364 2413 ite
382 2371 508 2423 Live)
528 2384 587 2414 ou
600 2371 722 2414 bella
737 2372 910 2413 bellam
922 2372 1040 2424 (Tite
1061 2371 1203 2420 Live).

262 2426 333 2478 Cf.
351 2424 446 2467 Sat.
466 2426 525 2478 11,
546 2436 616 2478 111,
632 2428 699 2466 63.
713 2448 766 2458 --
787 2424 886 2465 Tibi
898 2432 1130 2478 pugnata.
1160 2429 1205 2465 V.

260 2477 349 2520 Od.
369 2479 404 2530 1,
425 2489 470 2530 v,
492 2481 532 2530 1,
552 2485 600 2521 et
603 2481 796 2533 passim.
811 2501 863 2509 -
880 2482 1068 2526 Vacuus,
1093 2478 1208 2519 dans

259 2529 328 2572 les
367 2531 510 2573 uelles
530 2532 629 2574 rien
649 2545 706 2574 ne
729 2531 813 2574 fait
829 2530 1037 2573 obstacle
1064 2532 1090 2571 a
1112 2530 1210 2572 l'in-

258 2588 331 2625 tro
371 2584 526 2627 uction
544 2584 660 2627 dela
674 2584 886 2627 flatterie.
909 2583 1015 2626 Ceci
1033 2589 1106 2625 est
1121 2596 1209 2625 une

260 2638 593 2690 comparaison.
608 2640 786 2680 Horace
803 2637 874 2678 les
892 2636 1066 2677 aborde
1116 2648 1211 2677 res-

263 2700 351 2742 que
370 2691 579 2744 touj0ure
600 2691 952 2746 brusquement.
986 2692 1032 2730 V.
1087 2693 1148 2730 at.
1170 2690 1206 2738 Ι,

260 2751 294 2794 1,
309 2743 403 2793 100,
419 2749 526 2784 note
545 2746 608 2785 53.
627 2744 666 2786 11
685 2744 832 2786 aurait
854 2755 919 2797 pu
936 2740 1039 2783 dire
1060 2755 1069 2783 ε
1090 2753 1209 2796 quo-

260 2795 391 2835 modo
411 2808 471 2836 ou
493 2802 544 2836 ut
556 2799 599 2838 si
619 2800 774 2851 quis...
796 2799 916 2838 ita...

315 2859 380 2898 13.
412 2860 540 2907 Tene,
572 2865 660 2901 etc.
696 2860 784 2903 Ces
808 2860 931 2901 deux
957 2870 1067 2900 vers
1100 2863 1209 2899 sont

258 2909 378 2952 tii-es
406 2910 468 2951 du
507 2910 827 2967 Panegyrique
855 2911 1115 2965 &Augusta
1151 2910 1209 2953 de

260 2962 442 3005 Varius.
459 2962 548 3006 Sur
566 2976 617 3004 ce
636 2961 788 3018 poete,
812 2969 860 3007 V.
885 2965 973 3009 od.
993 2965 1031 3015 1,
1049 2976 1095 3016 v,
1115 2966 1155 3005 1.

314 3018 379 3057 14.
409 3018 591 3057 Pater-is
620 3019 772 3058 vocari
798 3030 852 3059 sa
888 3019 998 3068 iens,
1028 3029 1148 3072 pour
1168 3024 1208 3059 te

263 3071 417 3110 vocari
433 3071 699 3121 sapientem.
731 3073 776 3111 V.
807 3070 844 3113 Ο
885 3104 894 3113 .
929 3072 963 3122 Ι,
1000 3081 1050 3122 11,
1083 3073 1135 3112 43
1163 3077 1210 3114 et

258 3124 326 3175 44,
353 3128 400 3164 et
418 3122 461 3165 le
483 3136 529 3164 v.
551 3125 601 3163 32
622 3123 679 3164 de
702 3127 823 3165 cette
839 3125 1004 3178 epitre.
1028 3147 1072 3155 -
1098 3128 1210 3166 Cum

256 3178 437 3230 pateris
458 3192 513 3212 =
532 3177 602 3217 ita
621 3187 723 3216 cum
736 3178 931 3229 pateris.
951 3181 998 3219 V.
1013 3183 1123 3220 note
1143 3181 1209 3220 12.

258 3251 312 3260 —
330 3229 583 3283 Respondes
607 3231 801 3276 nomine,
821 3229 1109 3284 reponds-tu
1161 3244 1212 3272 ar

258 3287 344 3324 ton
365 3282 507 3325 nom?
532 3281 897 3337 t’appliques-tu
919 3295 998 3325 ees
1026 3245 1211 3338 epit&-

258 3335 364 3378 tes?
381 3360 434 3368 —
454 3341 518 3377 Ac
547 3342 597 3376 tu
621 3352 677 3372 =
693 3347 841 3389 aeque,
861 3348 952 3376 non
980 3338 1130 3378 minus
1158 3350 1213 3379 ac

262 3394 312 3430 tu
327 3390 622 3441 (delectaris).

313 3454 379 3492 15.
413 3455 520 3501 Hoc,
545 3465 596 3494 ce
624 3451 749 3495 titre.
779 3451 957 3491 Horace
979 3450 1099 3493 n'est
1128 3464 1211 3505 pas

262 3503 462 3546 satisfait
494 3505 632 3558 qu'on
659 3503 724 3545 lui
757 3503 821 3545 ait
840 3503 1052 3558 repondu
1077 3519 1086 3546 :
1110 3506 1213 3545 Dici

261 3556 473 3600 delector.
493 3561 612 3600 Pone
630 3574 685 3597 τ.
698 3557 882 3611 depone.

613 2325 705 2365 ute.
722 2319 930 2370 Ciceron,
946 2319 1094 2362 Corne
1116 2318 1204 2368 ius,

1311 2160 1379 2199 16.
1422 2162 1594 2200 Mutem
1628 2161 1800 2203 colores
1833 2161 2126 2215 (remarquez
2169 2161 2215 2203 le

1258 2209 1469 2265 pluriel),
1511 2212 1672 2265 rougir
1721 2219 1768 2254 et
1812 2212 1932 2268 palin·
1980 2214 2216 2256 suecessi-

1256 2271 1462 2307 vement.
1495 2265 1704 2316 Lucum,
1739 2269 1975 2321 Eunuque,
2009 2271 2091 2310 11:
2122 2268 2216 2315 Καὶ

1261 2326 1497 2380 παντοῖος
1518 2323 1578 2384 ἦν
1596 2327 1746 2389 μυρίοι
1769 2327 2069 2390 τρεπόμενος
2086 2331 2216 2393 χρώ-

1263 2401 1415 2447 ματα,
1441 2408 1495 2418 -
1517 2392 1681 2429 Furem
1701 2393 1788 2440 (me
1810 2392 1935 2440 esse).
1959 2391 2089 2433 Cette
2109 2405 2218 2446 sup-

1261 2448 1480 2501 pression
1517 2449 1575 2490 de
1619 2448 1874 2492 l’aecusatif
1911 2451 2033 2505 sujet
2070 2453 2129 2492 de
2173 2452 2218 2493 la

1263 2500 1562 2554 proposition
1592 2501 1823 2544 infinitive
1867 2509 1940 2545 est
1970 2503 2216 2556 frequente

1263 2566 1322 2595 en
1355 2566 1495 2608 prose
1527 2566 1704 2596 comme
1738 2569 1795 2597 on
1828 2567 1935 2596 vers
1964 2570 1973 2597 :
2007 2556 2213 2609 Ciceron,

1263 2608 1384 2646 Dum
1420 2607 1536 2648 mihi
1569 2608 1706 2647 liceat
1728 2607 1863 2648 fateri
1893 2608 2073 2650 nescire
2115 2622 2215 2663 quae

1264 2660 1466 2700 nesciam
1479 2673 1499 2706 ,·
1516 2659 1620 2701 Tite
1645 2660 1771 2712 Live,
1795 2661 1915 2702 Tuto
1936 2660 1986 2702 id
2012 2660 2216 2704 facturos

1258 2713 1539 2765 promissum
1573 2720 1652 2753 est.
1689 2735 1733 2743 —-
1763 2714 1980 2754 Mordeat·
2005 2730 2061 2750 =
2087 2727 2215 2756 mor·-

1263 2765 1459 2813 deame,
1488 2777 1548 2805 ou
1575 2777 1685 2804 num
1709 2766 1951 2807 mordear?
1971 2789 2017 2797 —
2042 2770 2214 2819 Honor,

1264 2816 1446 2868 estime‚
1467 2816 1679 2871 louange.

1318 2891 1384 2930 17.
1417 2890 1505 2941 Qui
1537 2891 1761 2940 comana,
1795 2896 1882 2933 etc.
1914 2890 2039 2935 C’est
2069 2892 2114 2933 la
2136 2893 2216 2934 re-

1263 2953 1413 2996 ponse
1428 2942 1490 2983 du
1511 2941 1738 2995 vulgaire,
1758 2943 1839 2997 qui
1861 2956 1912 2985 se
1940 2957 2058 3000 paye
2080 2944 2214 2999 d'ap-

1298 3007 1504 3036 arences.
1532 3018 1584 3026 -
1621 2997 1699 3037 Vir
1724 2994 1864 3038 bonus
1887 3003 1953 3039 est
2013 3000 2098 3040 uis.
2130 2998 2219 3042 Sur

1296 3048 1537 3091 inversion
1568 3049 1626 3091 de
1654 3048 1963 3105 l’interrogati
1987 3083 1998 3102 ,
2039 3055 2083 3092 V.
2120 3050 2215 3094 Sat.

1265 3103 1325 3155 11,
1348 3113 1416 3154 111,
1437 3105 1639 3156 1873vu,
1661 3104 1728 3144 78.

1319 3174 1388 3212 18.
1432 3172 1526 3224 Quo
1569 3173 1738 3224 multae,
1785 3179 1874 3216 etc.
1918 3173 2045 3216 Celui
2080 3175 2217 3228 qu’on

1265 3224 1418 3278 prend
1446 3231 1645 3266 som-ent
1679 3237 1800 3279 pour
1829 3225 2020 3277 arbitre,
2050 3231 2097 3268 et
2135 3227 2215 3280 qui

1266 3276 1473 3327 tranche,
1498 3277 1677 3325 decide,
1704 3286 1829 3319 secat
1864 3281 1931 3328 (V.
1961 3277 2054 3320 Sat.
2093 3278 2129 3330 Ι,
2169 3291 2215 3331 x,

1270 3333 1353 3380 15),
1391 3328 1460 3370 les
1492 3328 1744 3372 difficultes
1779 3330 1885 3372 d’on
1913 3331 2124 3373 naissent
2145 3330 2216 3374 les

1267 3377 1449 3436 proces,
1466 3404 1518 3411 —
1540 3384 1634 3435 Quo
1645 3384 1818 3437 judice,
1839 3395 2068 3436 sponsore,
2087 3390 2212 3434 teste,

1266 3433 1425 3475 ablatit
1447 3433 1625 3477 absolu.

1319 3507 1386 3545 19.
1415 3506 1650 3557 Sponsor-e.
1687 3510 1734 3548 V.
1769 3505 1862 3548 Sat.
1892 3506 1951 3556 11,
1975 3517 2037 3558 vx,
2066 3509 2135 3550 23.
2162 3530 2217 3542 —

1270 3560 1506 3606 Tenentur,
1536 3570 1586 3599 se
1615 3565 1835 3614 gagnent‚
1861 3558 2163 3605 reussiesent.

1285 3049 1292 3064 φ
