2690 4169
493 295 583 337 sab

1149 286 1578 344 EPISTOLAE,
1631 289 1678 345 1,
1730 303 1798 337 11.

497 402 653 481 Cogi
682 422 869 480 posse
902 404 1141 482 negat⁷.
1177 402 1405 462 Nestor
1434 422 1802 480 componere
1831 403 1970 462 lites

496 482 663 540 Inter
692 482 944 539 Peliden
976 483 1220 540 festinat
1249 493 1308 539 et
1334 481 1497 540 inter
1524 481 1816 540 Atriden⁸
1852 504 1864 539 ε

495 560 706 619 Hunc⁹
738 581 925 629 amor,
962 561 1051 618 ira
1077 561 1320 639 quidem
1351 561 1751 619 communiter
1781 562 1902 620 urit
1934 574 2275 642 utrumque.

497 640 805 730 Quidquid
837 640 1095 697 delirant
1125 660 1326 719 regeS‚
1362 641 1710 717 plectuntur
1737 641 2038 700 Achivi10.

498 719 832 787 Seditlone‚
869 719 1049 789 dolis,
1086 721 1316 777 scelere
1349 731 1525 797 atque
1556 718 1809 778 libidine
1840 732 1899 778 et
1927 720 2018 777 ira

2370 724 2445 781 15

496 798 717 856 Iliacos
748 798 906 856 intra
934 818 1142 856 muros
1174 809 1462 875 peccatur
1490 809 1549 856 et
1577 810 1762 856 extra.

496 877 826 936 Rursum¹¹
863 878 1009 955 quid
1038 878 1234 936 virtus
1267 888 1325 934 et
1354 876 1498 955 quid
1527 877 1826 953 sapientia
1845 878 2046 955 possit

497 955 662 1014 Utile
693 957 1020 1034 proposuit
1047 957 1226 1014 nobis
1259 955 1565 1033 exemplar
1597 956 1883 1034 Ulyssen‚

497 1035 636 1108 Qui,
671 1036 937 1093 domitor
964 1034 1160 1115 Trojae
1180 1036 1251 1103 ¹²,
1287 1036 1611 1093 multorum
1643 1035 1938 1113 providus
1959 1037 2145 1096 urbes

494 1114 574 1172 Et
603 1134 804 1172 mores
836 1114 1144 1172 hominum
1177 1114 1464 1193 inspexit,
1500 1115 1802 1193 latumque
1827 1134 1940 1192 per
1969 1135 2197 1193 aequor,

2365 1118 2443 1175 20

496 1193 656 1251 Dum
687 1193 827 1261 sibi,
862 1195 1002 1250 dum
1036 1194 1221 1250 sociis
1251 1193 1512 1251 reditum
1545 1204 1737 1269 parat,
1774 1213 1990 1270 aspera
2017 1193 2203 1252 multa

496 1273 758 1330 Pertulit
783 1273 1056 1330 adversis
1086 1292 1289 1329 rerum
1317 1272 1748 1330 immersabilis
1774 1274 2038 1331 undis¹³.

498 1351 779 1409 Sirenum
804 1370 986 1410 voces
1009 1363 1067 1408 et
1094 1350 1284 1408 Circae
1315 1350 1534 1429 pocula
1561 1352 1722 1409 nosti
1741 1352 1812 1420 ¹⁴,

498 1430 643 1503 Quae
673 1431 725 1488 si
753 1450 885 1488 cum
918 1430 1104 1488 sociis
1137 1429 1358 1488 stultus
1390 1430 1770 1509 cupidusque
1801 1431 2081 1501 bibisset,

499 1508 624 1567 Sub
656 1509 899 1567 domina
927 1509 1244 1567 meretrice
1276 1509 1490 1567 fuisset
1518 1510 1717 1588 turpis
1749 1523 1806 1568 et
1836 1530 2070 1580 excorS,

2366 1513 2442 1570 25

495 1587 765 1646 Vixisset
795 1589 961 1647 canis
987 1589 1354 1658 immunduS,
1387 1588 1483 1648 vel
1515 1589 1710 1647 amica
1740 1590 1864 1647 luto
1899 1609 2024 1648 suS.

576 1667 703 1726 Nos
731 1688 1020 1726 numerus
1055 1688 1261 1726 sumus
1294 1679 1354 1725 et
1383 1669 1590 1747 fruges
1621 1688 1978 1726 consumere
2010 1669 2221 1739 nati¹⁵‚

498 1747 726 1826 Sponsi
752 1746 1098 1825 Penelopae,
1132 1747 1491 1815 nebulones,
1525 1746 1886 1825 Alcinoique

496 1828 564 1884 In
595 1838 729 1884 cute
755 1829 1020 1884 curanda
1048 1826 1190 1916 plus
1220 1846 1393 1904 aequo
1424 1838 1674 1904 operata
1690 1825 2063 1905 juventusffl,

496 1905 610 1964 Cui
638 1904 960 1984 pulchrum
994 1907 1102 1963 fu1t
1127 1925 1189 1962 m
1215 1906 1450 1963 medios
1477 1906 1744 1963 dormlre
1775 1906 1905 1963 dies
1938 1919 1997 1963 et

2365 1907 2444 1965 30

491 1985 588 2044 Ad
619 1985 937 2062 strepitum
966 1984 1209 2042 citharae
1240 1997 1540 2042 cessatum
1566 1986 1788 2042 ducere
1811 2005 2013 2042 curam
2031 1986 2099 2042 ¹⁷.

493 2064 577 2124 Ut
594 2062 877 2144 jugulent
906 2063 1209 2122 hominem
1241 2076 1502 2144 surgunt
1532 2064 1605 2121 de
1636 2076 1811 2122 nocte
1836 2064 2132 2135 latrones3

545 2267 582 2305 7.
613 2266 745 2304 Posse
768 2270 920 2315 negat,
954 2262 1026 2304 dit
1056 2261 1165 2315 qu’il
1197 2263 1270 2318 n'y
1299 2275 1323 2304 a
1351 2275 1437 2316 pas
1497 2264 1547 2304 39
1568 2268 1615 2304 et
1633 2262 1753 2305 suiv.
1783 2286 1834 2294 —
1857 2265 1995 2310 Circe,
2029 2274 2093 2304 ιι).
2128 2263 2238 2304 ibid.
2265 2264 2317 2313 X,
2345 2266 2438 2307 234.

490 2328 658 2371 moyen
675 2316 733 2356 de
751 2315 794 2356 le
810 2317 959 2357 forcer
972 2317 997 2356 ἐι
1012 2317 1109 2356 etro
1127 2316 1331 2357 heureux
1352 2322 1398 2357 et
1416 2317 1441 2357 ὲ
1497 2315 1584 2358 Ces
1603 2315 1750 2358 fables
1769 2322 1852 2358 ont
1876 2316 1977 2370 pris
1996 2316 2106 2358 chez
2138 2315 2208 2377 les
2227 2316 2441 2371 philoso-

492 2371 660 2424 regner
692 2367 955 2422 tranquille.
992 2367 1113 2411 C'est
1144 2381 1232 2410 une
1271 2367 1437 2410 ironie.

492 2423 615 2464 Dans
635 2417 848 2473 Homine,
868 2420 903 2462 il
923 2421 992 2462 dit
1011 2420 1308 2475 simplement
1327 2421 1438 2476 qu'il

488 2489 548 2518 ne
565 2479 677 2517 veut
690 2487 774 2528 pas
794 2474 960 2515 rendre
980 2470 1169 2516 Helene.

543 2531 581 2569 8.
612 2530 745 2576 Lites,
766 2525 810 2567 la
844 2526 1045 2579 querelle
1075 2526 1437 2580 &Agamemnon

491 2587 537 2623 et
556 2580 789 2623 d'Achille.
822 2584 865 2620 V.
889 2580 1015 2621 Hom.
1037 2580 1196 2627 Iliade,
1218 2581 1253 2629 1,
1273 2582 1366 2620 247.
1385 2602 1436 2610 —

491 2634 578 2677 Sur
602 2636 723 2674 inter
740 2633 914 2686 repete,
942 2637 987 2674 V.
1012 2631 1105 2675 Sat.
1128 2634 1162 2685 1,
1185 2644 1266 2684 vu,
1283 2635 1350 2682 11,
1368 2634 1434 2674 12.

542 2690 580 2727 9.
611 2690 755 2727 Hunc.
790 2685 984 2737 Achille,
1018 2686 1042 2725 ὲ
1075 2685 1154 2739 qui
1184 2697 1246 2727 on
1274 2684 1437 2727 enleve

489 2738 681 2780 Briseis.
705 2761 749 2769 --
772 2739 973 2792 Quidem,
995 2737 1112 2779 mais
1128 2740 1435 2780 assurement.

543 2796 607 2833 10.
637 2794 919 2840 Flectuntur,
939 2804 996 2832 au
1023 2790 1169 2844 figure
1186 2806 1199 2844 ;
1219 2791 1438 2846 voyez-le

488 2858 546 2886 au
565 2857 674 2887 sens
700 2856 872 2899 propre
894 2843 987 2888 Sat.
1018 2845 1077 2895 ΙΙ,
1107 2855 1188 2895 vn,
1219 2847 1284 2884 79.
1318 2843 1438 2885 Sou-

487 2905 621 2947 venir
675 2904 964 2945 d'Hesiode:
1025 2894 1163 2943 Ἀλλ’
1211 2894 1438 2943 ἀποτίνει

491 2958 645 3019 δῆμος
665 2956 969 3010 ἀτασθαλίας
989 2956 1259 3021 βασιλήων.
1278 2965 1440 3006 Achivi

482 3022 750 3074 plectuntur
767 3035 821 3057 =
844 3021 959 3060 dant
975 3031 1138 3073 pamas
1165 3030 1320 3059 eorum
1337 3030 1439 3058 om-

489 3074 617 3114 nium
639 3084 738 3125 quoe
770 3073 1019 3113 delirantes
1051 3083 1081 3113 a
1113 3078 1196 3111 une
1213 3082 1356 3123 reges.
1378 3070 1439 3112 Le

487 3137 595 3168 vers
616 3130 689 3166 est
713 3124 893 3167 devenu
913 3085 1156 3177 proverbe.

545 3180 611 3219 11.
649 3180 857 3225 Rursum,
894 3178 1069 3219 d'autre
1139 3179 1225 3215 art.
1260 3173 1438 3216 Horace

487 3228 618 3284 parle
637 3230 922 3272 maintenant
942 3230 999 3271 de
1018 3227 1088 3269 l’o
1120 3224 1262 3281 yssee.

539 3286 605 3326 12.
629 3284 729 3336 Qui,
743 3284 939 3323 domitor
952 3282 1109 3334 Trojae,
1127 3287 1212 3322 etc.
1227 3279 1314 3322 Ces
1330 3292 1439 3333 qua-

484 3341 555 3378 tre
574 3347 684 3378 vers
701 3341 808 3376 sont
828 3337 853 3376 ἐι
869 3348 958 3388 peu
977 3330 1086 3388 pres
1109 3332 1152 3374 la
1172 3332 1438 3374 traduction

485 3389 569 3431 des
588 3389 698 3441 ciuq
714 3387 942 3442 premiers
964 3397 1074 3429 vers
1105 3386 1162 3427 de
1189 3384 1433 3438 l'Odysse'e.

536 3444 601 3483 13.
641 3440 983 3481 Immersabilis.
1018 3438 1106 3482 Sur
1134 3444 1253 3480 cette
1284 3440 1436 3479 meta-

483 3493 646 3546 phom,
665 3505 906 3547 comparez
925 3504 1098 3534 mersor
1118 3491 1324 3532 civilibus
1347 3503 1436 3531 un-

456 3544 568 3594 .dts,
595 3546 721 3599 Epit.
749 3548 865 3597 1,16.

537 3601 601 3640 14.
632 3600 846 3639 Sirenum.
883 3599 929 3638 V.
950 3597 1080 3639 Hom.
1105 3594 1310 3650 Odyssee‚
1329 3596 1430 3646 XII,

1494 2368 1625 2422 phes,
1647 2368 1880 2422 plusieurs
1900 2368 2066 2410 siecles
2081 2381 2105 2409 a
2141 2381 2217 2411 res
2251 2383 2311 2410 un
2331 2382 2441 2412 sens

1490 2421 1637 2515 plioral
1657 2422 1766 2476 qu’il
1786 2435 1843 2464 ne
1863 2422 1959 2464 faut
1981 2435 2065 2476 pas
2083 2435 2106 2462 c
2143 2400 2305 2464 creber
2325 2423 2441 2466 dans

1534 2487 1703 2517 omere.

1544 2536 1609 2575 15.
1641 2537 1728 2575 Nos
1768 2546 1997 2582 numerus,
2047 2525 2079 2573 ἀ
2111 2524 2282 2587 ιθμόςτ
2325 2547 2442 2577 nous

1491 2592 1663 2639 autres,
1692 2599 1809 2629 nous
1839 2599 2042 2629 sommes
2074 2542 2277 2642 ssimple)
2304 2600 2441 2630 nom-

1490 2639 1591 2691 bre,
1625 2652 1742 2682 nous
1768 2639 1945 2682 saisons
1978 2640 2278 2696 simplement
2305 2653 2441 2682 nom-

1490 2691 1588 2734 bre.
1610 2715 1661 2723 —
1679 2697 1847 2746 Fruges
1867 2705 2124 2735 consumere
2143 2695 2261 2744 nati,
2280 2692 2401 2735 bons
2415 2694 2441 2733 ὲ

1491 2757 1683 2800 manger
1701 2760 1752 2789 ce
1780 2758 1868 2800 que
1886 2745 2078 2800 produit
2108 2745 2152 2788 la
2170 2753 2308 2788 terre.
2330 2748 2441 2787 Nati

1487 2814 1703 2839 consumere
1721 2817 1766 2837 Ξ
1785 2800 1838 2840 ad
1858 2801 2150 2842 consumendas.
2181 2805 2226 2842 V.
2252 2803 2334 2843 Od.
2356 2802 2447 2853 III,

1486 2864 1563 2897 vu,
1589 2852 1652 2896 ll.
1680 2858 1786 2894 note
1805 2852 1857 2903 6;
1885 2858 1932 2894 et
1953 2852 2161 2903 Infinitif‚
2188 2866 2309 2908 page
2329 2868 2419 2896 xm.

1546 2913 1611 2952 16.
1638 2913 1811 2964 Sponsi,
1840 2908 1965 2951 vrais
2029 2913 2298 2952 retendants
2329 2909 2438 2961 (Sat.

1493 2963 1530 3013 1,
1551 2974 1582 3014 1,
1600 2965 1717 3016 100);
1740 2963 1807 3005 les
1823 2922 2127 3017 pretengants
2140 2963 2196 3005 de
2209 2962 2443 3016 Penelope

1494 3015 1765 3057 devoraient
1796 3015 1839 3056 le
1872 3014 1981 3057 bien
2019 3015 2235 3071 d'Ulysse
2267 3027 2327 3058 en
2354 3027 2440 3057 son

1493 3065 1691 3109 absence
1722 3067 1945 3130 (Odyssee,
1982 3069 2018 3120 Ι,
2048 3071 2126 3109 144
2159 3075 2207 3111 et
2228 3068 2439 3161 passiml.

1507 3141 1559 3150 —-
1589 3121 1769 3160 Alcinoi
1789 3127 2022 3173 Juventus,
2050 3120 2122 3163 les
2154 3121 2300 3175 sujets
2321 3121 2405 3162 d'A

1493 3172 1667 3224 cinoos,
1702 3172 1770 3213 roi
1803 3173 1885 3214 des
1919 3173 2187 3226 Pheaciens,
2220 3173 2333 3216 chez
2361 3171 2441 3227 qui

1491 3238 1552 3267 on
1574 3224 1746 3267 menait
1752 3225 1943 3281 joyeuse
1963 3227 2037 3268 vie
2068 3225 2292 3279 (Odyssee,
2313 3226 2438 3275 vm.

1492 3281 1914 3332 commencement).
1941 3302 1992 3309 —
2011 3283 2119 3321 Cute
2139 3279 2364 3321 curanda.
2393 3282 2439 3320 V.

1494 3330 1586 3373 Sat.
1610 3331 1667 3382 11,
1699 3342 1744 3383 v,
1764 3334 1829 3372 38.
1851 3354 1895 3362 —
1922 3334 2140 3386 oper-ata,
2164 3331 2440 3386 expression

1494 3383 1745 3437 energique
1777 3398 1833 3426 en
1863 3398 1914 3426 ce
1971 3384 2102 3426 n'elle
2126 3391 2199 3427 est
2230 3384 2440 3439 particu-

1491 3435 1734 3478 lierement
1753 3437 1936 3491 employ
1967 3450 1992 3479 e
2017 3449 2137 3491 pour
2170 3435 2381 3493 signifier
2394 3436 2441 3478 le

1492 3488 1596 3531 soin
1616 3490 1753 3543 qu’on
1776 3481 1926 3544 prend
1945 3490 2008 3531 du
2032 3489 2255 3532 sacrifice.

1543 3544 1606 3582 17.
1643 3545 1874 3584 Cessatum
1888 3544 2062 3591 ducere,
2083 3554 2284 3599 envoyer
2302 3554 2353 3584 se
2371 3554 2442 3584 re-

1489 3607 1643 3649 poser,
1666 3595 1914 3647 endormir,
1936 3607 1986 3638 se
2015 3596 2311 3638 debari-asser·
2329 3595 2439 3638 de...
