2690 4169
1077 288 1338 343 EPODI,
1389 304 1440 336 v.

2157 289 2244 337 181

448 402 906 461 Interminato¹⁸
937 423 1072 461 cum
1106 404 1294 462 semel
1316 405 1447 462 fixae
1481 404 1620 463 cibo

685 481 1102 540 Intabuissent
1130 483 1372 561 pupulae
1389 483 1460 540 ²⁹.

2169 483 2247 542 40

448 609 585 667 Non
614 608 884 666 defuisse
914 610 1193 667 masculae
1234 610 1512 670 libidinis
1526 610 1577 647 ²⁰

685 687 1137 746 Ariminensem
1171 688 1465 747 Foliam²¹

448 815 526 874 Et
554 816 753 875 otiosa
780 815 1040 873 credidit
1070 815 1422 893 Neapolis22

685 894 767 952 Et
789 914 965 953 omne
995 894 1261 953 vicinum
1292 894 1608 973 oppidum,

449 1023 595 1097 Quae
637 1021 861 1091 sidera,
897 1033 1209 1080 excantata
1236 1042 1387 1080 voce
1419 1021 1801 1095 Thessala²³,

2170 1021 2247 1079 45

686 1101 1038 1179 Lunamque
1066 1101 1218 1159 coelo
1249 1102 1497 1179 deripit.

452 1227 568 1285 Hic
594 1227 955 1284 irresectum
969 1226 1020 1261 ²⁴
1046 1245 1204 1285 saeva
1241 1229 1423 1285 dente
1453 1228 1643 1287 livido

688 1303 943 1362 Canidia
971 1307 1199 1363 rodens
1225 1306 1508 1383 pollicem

451 1424 611 1498 Quid
636 1422 788 1481 dixit
811 1435 912 1481 aut
935 1423 1082 1501 quid
1119 1424 1366 1482 tacuit²⁵
1395 1427 1417 1480 Ρ
1449 1448 1478 1480 α
1514 1422 1565 1482 Ο
1604 1425 1791 1483 rebus
1823 1423 1975 1481 meis

687 1501 825 1560 Non
853 1501 1131 1560 infideles
1157 1504 1421 1571 arbitrae,

456 1653 483 1684 α
530 1628 685 1698 Nox,
715 1639 773 1685 et
797 1626 1055 1684 Diana2⁶
1096 1649 1225 1707 quae
1254 1628 1561 1686 silentium
1586 1629 1754 1707 regis

687 1706 928 1764 Arcana
954 1727 1087 1764 cum
1109 1707 1262 1764 fiunt
1292 1726 1485 1775 sacra,

454 1859 481 1889 α
528 1834 703 1892 Nunc
731 1853 893 1890 nunc
925 1835 1153 1901 adeste,
1182 1852 1343 1890 nunc
1369 1833 1432 1890 in
1465 1833 1722 1892 hostiles
1748 1835 1964 1894 domos

693 1912 851 1970 Iram
877 1924 1053 1989 atque
1085 1931 1308 1969 numen
1339 1912 1580 1971 vertite.

454 2065 480 2097 «
529 2037 975 2099 Formidolosis
1000 2039 1142 2096 dum
1167 2038 1356 2097 latent
1388 2038 1560 2099 silvis
1591 2040 1731 2100 ferae

2169 2044 2244 2103 55

687 2118 867 2177 Dulci
899 2137 1123 2196 sopore
1147 2119 1469 2197 languidae,

455 2272 483 2303 «
532 2247 773 2314 Senem,
811 2248 974 2325 quod
1014 2266 1227 2305 omnes
1258 2248 1518 2317 rideant,
1558 2248 1898 2306 adulterum

688 2326 940 2386 Latrent
971 2324 1339 2385 Suburranae
1379 2328 1620 2386 canes²⁷

342 2536 406 2576 18.
434 2536 750 2582 Interminato,
780 2533 976 2577 interdit
1005 2547 1116 2576 avec
1145 2547 1238 2577 me·

1344 2538 1411 2576 24.
1442 2538 1731 2584 lrrcscctum,
1769 2535 1886 2578 dont
1915 2548 1977 2578 on
2014 2550 2071 2579 ne
2102 2550 2248 2593 coupe

259 2592 265 2598 '
289 2600 416 2630 nace.
449 2587 512 2628 Le
531 2586 675 2630 verbe
703 2589 948 2629 intermino
975 2587 1240 2642 appartient
1285 2587 1456 2642 Jamais
1475 2587 1660 2643 l’ongle.

289 2643 314 2681 ἐι
351 2639 394 2681 la
425 2638 594 2694 langue
630 2640 690 2681 du
724 2637 866 2682 siecle
898 2640 1165 2694 precedent.
1186 2661 1239 2671 —

294 2696 403 2735 Cum
420 2694 573 2743 semel,
598 2705 686 2734 une
702 2690 794 2734 fois
814 2705 918 2747 que.

341 2748 406 2786 19.
438 2746 638 2798 Pupulae,
684 2756 864 2787 comme
901 2746 1112 2799 pupiltae,
1162 2757 1240 2787 ses

287 2796 509 2851 pupilles,
534 2796 710 2839 εμὲ-ἀ,
730 2809 809 2839 ses
825 2810 964 2853 yeux.

337 2851 405 2891 2ο.
433 2851 646 2892 Masculoe
666 2849 885 2901 libidinis,
900 2850 979 2905 qui
995 2856 1068 2892 est
1089 2861 1243 2892 mons-

287 2907 604 2944 trueusement
639 2902 917 2946 debauchee.
966 2902 1027 2945 Ce
1076 2901 1249 2957 genitis

289 2952 476 3007 qualifie
495 2956 636 2996 Folia.

340 3008 408 3047 21.
437 3007 789 3057 Ariminensem,
817 3008 1139 3051 d'Ariminium
1153 3009 1242 3060 (Ri-

289 3057 435 3151 milni).
452 3080 504 3089 -
526 3061 669 3108 Folia,
686 3060 925 3103 troisieme
949 3062 1055 3103 aide
1078 3062 1136 3102 de
1162 3061 1242 3105 Ca-

287 3124 333 3152 m
372 3122 428 3152 te.

339 3165 405 3204 22.
440 3164 610 3211 Otiosa,
637 3163 842 3219 epithete
900 3166 946 3208 ui
973 3179 999 3207 a
1030 3177 1240 3210 convenu

284 3216 406 3257 dans
443 3219 550 3256 tous
587 3214 657 3259 les
694 3223 849 3273 temps
943 3224 1063 3261 cette
1100 3219 1239 3263 molle

287 3268 392 3309 cito.
426 3267 498 3309 On
529 3269 630 3311 voit
657 3281 743 3323 par
771 3283 823 3313 ce
853 3283 963 3313 vers
996 3284 1085 3326 que
1118 3278 1238 3315 cette

285 3321 414 3415 Fplia
433 3325 507 3362 est
526 3332 589 3362 un
613 3333 905 3377 personage
927 3336 1078 3365 comm
1095 3326 1121 3366 a
1139 3327 1236 3367 Na-

337 3387 402 3416 es,

283 3387 316 3430 p
340 3430 407 3468 23.
450 3428 738 3474 Excantata,
781 3427 997 3483 deplaces
1045 3443 1129 3485 par
1166 3431 1235 3473 les

285 3478 465 3522 chantS.
489 3502 534 3510 —
562 3478 792 3527 Thessala,
820 3493 937 3535 pour
958 3486 1159 3536 magica.
1188 3488 1233 3526 V.

281 3532 423 3574 vino.
456 3534 550 3585 Egl.
577 3531 701 3582 VIII,
721 3535 798 3575 69:
830 3540 1017 3580 Carmina
1043 3543 1110 3581 vel
1135 3544 1235 3582 eoelo

284 3586 453 3629 ponunt
471 3583 669 3623 deducere
689 3583 841 3624 lunam.

1344 2642 1412 2680 25.
1427 2642 1606 2681 Dixit...
1628 2642 1785 2683 tacuit.
1803 2641 2027 2695 Jusqu’ou
2040 2643 2128 2685 alla
2139 2643 2247 2686 l'in-

1294 2692 1498 2734 discrete
1513 2693 1683 2735 audace
1698 2694 1757 2736 de
1769 2706 1820 2736 sa
1835 2693 1908 2735 lan
1949 2694 2034 2737 ue?
2052 2700 2098 2737 V.
2117 2697 2244 2751 Epit.

1295 2746 1332 2796 I,
1354 2756 1436 2796 vu,
1453 2748 1499 2786 71
1521 2746 1753 2788 :Dicenda
1769 2754 1901 2788 tacen
1935 2760 1966 2788 α
1986 2750 2173 2789 locutus.

1347 2800 1415 2839 26.
1448 2796 1668 2846 Arbitrae,
1691 2800 1908 2842 temoins.
1926 2823 1977 2831 --
1999 2803 2171 2844 Diana.
2200 2807 2245 2844 V.

1294 2851 1444 2940 3213&-
1465 2852 1549 2893 En.
1582 2851 1670 2904 IV,
1705 2855 1780 2893 511
1806 2870 1815 2897 :
1860 2858 1954 2898 Tria
1970 2859 2143 2905 virginis
2174 2870 2248 2898 ora

1349 2950 1416 2990 27.
1444 2951 1614 2997 Senem,
1648 2946 1693 2989 le
1718 2947 1860 2993 vieux
1892 2952 2058 3001 Varus,
2087 2956 2246 2992 contr(-

1297 3001 1377 3053 qui
1409 2999 1498 3043 elle
1523 2999 1647 3056 prati
1715 3014 1739 3043 e
1771 3009 1846 3046 cet
1876 3002 2244 3047 enchantement.

1302 3057 1347 3094 V.
1373 3066 1420 3094 v.
1450 3055 1517 3095 73.
1545 3075 1598 3084 —
1620 3056 1654 3094 Α
1694 3055 1957 3097 ultertcm=
1974 3062 2242 3098 amatorem.

1301 3109 1348 3147 V.
1380 3105 1467 3148 od.
1490 3106 1571 3158 111,
1601 3117 1663 3157 xl,
1686 3109 1728 3147 4.
1755 3131 1807 3139 —
1846 3109 1973 3162 Quod
1996 3121 2148 3150 omnes
2174 3112 2246 3150 ri-

1294 3159 1584 3200 deant=t¹ta
1616 3166 1666 3200 ut
1693 3160 1742 3200 id
1786 3175 1937 3204 omnes
1966 3163 2166 3203 rideant.
2195 3185 2247 3194 —-

1293 3214 1500 3262 Latrent,
1521 3211 1779 3267 subj0nctif
1797 3226 1825 3256 o
1863 3214 1980 3257 tatif.
2020 3218 2064 3254 V.
2091 3215 2179 3256 Od.
2210 3217 2242 3265 1,

1294 3275 1374 3360 323.
1400 3267 1472 3359 ⁴51
1507 3264 1871 3374 straet-...e
1906 3269 2150 3363 fuffrag-
2197 3271 2239 3308 ¹²·

1378 3347 1389 3358 ·
1484 3347 1498 3369 9
1572 3349 1584 3369 ²
1697 3349 1711 3369 ,ν
1862 3351 1874 3363 ·
2029 3351 2040 3370 2
2145 3350 2154 3359 ·
2196 3342 2240 3350 -

1291 3369 1512 3417 Saburra,
1550 3382 1631 3411 rue
1665 3370 1723 3412 de
1745 3372 1906 3425 Rome,
1931 3351 2014 3415 e'ur
2040 3370 2082 3412 le
2114 3378 2245 3413 mont

1290 3422 1526 3484 Esquilin.
1548 3422 1708 3465 C’etait
1728 3437 1789 3465 un
1819 3423 2026 3478 quartier
2051 3422 2144 3464 mal
2161 3422 2245 3484 *ha-

1290 3474 1403 3516 bite.
1452 3478 1499 3517 V.
1550 3476 1792 3528 Dmonmr,
1829 3481 1964 3520 Rome
2002 3488 2064 3518 au
2110 3476 2243 3517 siecle

1288 3527 1674 3581 d¹Auguste‚1ett.
1709 3532 1774 3581 16,
1805 3534 1841 3571 t.
1874 3531 1957 3580 10‘,
1987 3542 2034 3583 p.
2068 3530 2161 3569 365.
2190 3548 2249 3560 -

1292 3582 1451 3628 Canes,
1474 3579 1679 3622 feminin.
1706 3585 1754 3623 V.
1775 3582 1927 3638 Epod.
1949 3593 1999 3633 11,
2014 3584 2080 3623 31.

1932 3677 1990 3725 11
