2690 4169
225 395 503 452 Infernas
534 412 741 452 errare
772 412 978 462 cauce,
1012 392 1338 470 lunamque
1370 393 1779 463 rubentem¹⁹,

224 473 314 532 Ne
345 473 504 532 foret
532 471 629 530 his
660 472 860 541 testie,
890 484 1033 548 post
1061 490 1280 550 magna
1309 470 1497 529 latere
1530 472 1898 549 sepulcra20.

225 551 484 632 Singula
511 551 661 630 quid
686 570 1016 609 memorem
1047 570 1168 629 quo
1199 563 1378 642 pacto
1411 551 1645 609 alterna
1673 551 1996 630 loquentes

224 630 471 690 Umbrae
503 650 638 689 cum
672 629 912 708 Sagana
938 640 1290 689 resonarint
1320 629 1498 688 triste
1530 641 1590 688 et
1616 630 1921 689 acutum²¹

223 709 426 788 thue
457 709 585 788 lupi
616 710 869 767 barbam
900 708 1083 769 variae
1114 728 1249 767 cum
1280 710 1460 767 dente
1493 708 1823 769 colubrae²²

222 788 596 847 Abdiderint
626 788 830 847 furtim
861 788 1046 847 terris
1078 798 1138 846 et
1165 788 1431 867 imagine
1464 808 1642 847 cerea
1655 788 1705 823 ²³

224 866 487 947 Largior
514 868 736 926 arserit
767 867 953 946 igme,
990 879 1048 925 et
1077 878 1164 937 ut,
1198 886 1324 926 non
1354 867 1532 926 testis
1562 867 1818 938 inultuS‚

225 946 590 1006 Horruerim
619 966 804 1006 voces
832 945 1152 1005 Furiarum
1184 956 1244 1004 et
1275 945 1431 1004 facta
1462 948 1758 1005 duarum?

226 1026 399 1095 Nam,
428 1026 707 1104 displosa
719 1025 769 1060 ²⁴
801 1037 978 1084 sonat

227 1103 478 1163 Diffissa
505 1117 643 1163 nate
673 1105 845 1163 ficus.
881 1103 963 1162 At
995 1046 1111 1162 illae
1141 1123 1392 1163 currere
1427 1105 1492 1162 in
1521 1106 1756 1163 urbem.

927 275 1251 332 SA'rlRAE,
1307 277 1357 332 1,
1386 290 1495 327 ,ιι
2099 276 2185 337 251

2109 473 2185 530 35

2107 866 2186 924 40

1050 1035 1297 1083 uantum
1321 1026 1548 1095 vesica,
1584 1026 1807 1104 pepedi

2113 1262 2189 1320 45

229 1183 499 1243 Canidiae
528 1186 765 1254 demea,
801 1183 986 1242 altum
1019 1182 1272 1263 Saganae
1303 1183 1746 1242 caliendrum²⁶

228 1261 528 1322 Excidere
554 1275 732 1342 atque
762 1262 986 1322 herbas
1016 1273 1195 1342 atque
1225 1263 1531 1321 incantata
1563 1262 1809 1322 lacertis

229 1339 506 1414 Vincula,
537 1362 675 1402 cum
702 1361 924 1422 magno
953 1341 1206 1421 risuque
1227 1339 1494 1421 jocoque
1521 1341 1790 1402 videres.

1155 1621 1266 1689 IX

295 1787 369 1834 La
383 1784 609 1850 jaloueie
632 1786 722 1835 dee
746 1784 966 1836 envieux
983 1786 1165 1835 n'etait
1180 1802 1279 1851 pae
1302 1787 1354 1835 le
1379 1788 1493 1836 eeul
1516 1786 1883 1835 inconvenient
1907 1787 1971 1835 de
1999 1787 2055 1836 la
2092 1803 2190 1849 po-

237 1848 395 1895 sition
415 1847 665 1896 d’Horace
687 1851 878 1910 aupres
913 1848 976 1897 de
1004 1849 1244 1897 Mecene:
1275 1847 1316 1896 il
1345 1848 1492 1897 avait
1527 1853 1561 1898 a
1596 1864 1813 1911 eeeuyer
1846 1848 2070 1897 l’aesaut
2099 1848 2189 1897 des

237 1908 552 1958 sollicitem-e
578 1909 897 1973 obsequieux
923 1917 975 1959 et
1000 1911 1091 1958 des
1122 1909 1410 1973 intrigante

236 1971 388 2020 mode
412 1970 635 2020 d'entrer
651 1974 685 2019 a
705 1987 764 2020 ea
784 1971 919 2021 suite
937 1972 1066 2020 dans
1088 1972 1142 2020 la
1167 1972 1418 2021 familiari

1513 1910 1530 1958 i
1564 1910 1807 1960 auraient
1838 1913 2022 1958 trouve
2054 1925 2191 1959 com·

1507 1973 1571 2021 de
1599 1988 1657 2020 88
1685 1987 2018 2035 personnage
2045 1978 2191 2021 tout-

234 2033 495 2098 puieeant.
523 2034 740 2091 Horace,
766 2034 858 2098 qui
879 2033 1026 2082 avait
1046 2050 1111 2082 eu
1142 2034 1264 2082 bien
1291 2034 1669 2083 certainement
1698 2037 1730 2082 a
1759 2050 1814 2083 se
1847 2034 2192 2083 debarraeser

235 2096 358 2205 glus
383 2095 534 2150 d’une
556 2095 656 2143 soie
681 2096 772 2144 dee
796 2096 1165 2159 importunitee
1190 2097 1254 2145 de
1283 2113 1370 2145 ces
1405 2103 1573 2146 sortes
1605 2098 1668 2146 de
1697 2112 1844 2160 gene,
1879 2112 2011 2146 noue
2040 2097 2194 2161 peint

273 2174 370 2206 ane
392 2163 525 2206 cette
548 2157 708 2205 satire
725 2157 868 2205 leurs
894 2157 1176 2221 fatigantes
1197 2159 1519 2208 obsessione.
1544 2159 1624 2208 On
1652 2166 1780 2223 peut
1808 2162 1976 2208 meme
1998 2173 2193 2223 pensor

237 2235 337 2283 que
353 2220 404 2268 le
460 2222 573 2268 oete
596 2219 652 2266 la
682 2235 931 2282 composa
961 2236 1096 2283 pour
1120 2220 1237 2270 leur
1263 2220 1397 2270 faire
1430 2221 1679 2270 entendre
1716 2220 1872 2285 qu’ile
1906 2226 2119 2270 eueeent
2162 2223 2193 2268 a

237 2297 412 2329 censer
450 2296 569 2330 eurs
589 2280 898 2330 indiecr'etes
924 2281 1309 2331 sollicitatione.

318 2405 486 2464 Ibam
509 2406 666 2465 forte
693 2406 794 2466 via
823 2404 1069 2477 Sacra¹,
1103 2407 1262 2466 sicut
1285 2426 1459 2466 meus
1487 2419 1583 2466 est
1614 2426 1746 2467 mos

240 2485 463 2545 Nescio
490 2484 638 2564 quid
661 2484 961 2544 meditans
987 2505 1308 2565 nugarum,
1338 2497 1507 2545 totus
1539 2486 1604 2544 in
1637 2486 1761 2544 illis
1799 2508 1813 2543 ε

293 2644 360 2682 19.
388 2644 558 2682 Errare
590 2652 749 2689 canes,
792 2630 982 2704 χθόνιοι
1027 2631 1187 2692 κύνες,

239 2692 310 2735 les
329 2693 490 2735 chiens
511 2693 573 2734 du
589 2692 707 2750 Styx
725 2705 805 2749 qm
823 2699 1189 2749 accompagnent

242 2746 426 2787 Hecate.
454 2750 500 2788 V.
519 2747 659 2789 Vmo.
688 2748 772 2790 Bu.
799 2746 879 2799 VI,
907 2749 1002 2790 25⁷.
1030 2768 1084 2780 —
1103 2750 1191 2789 Ru·

243 2797 430 2845 bentem,
452 2810 631 2841 comme
657 2799 774 2842 dans
802 2798 874 2841 les
894 2799 980 2842 68Ιί
1016 2812 1108 2852 ses,
1128 2801 1188 2843 οὺ

242 2850 330 2892 8118
352 2851 502 2905 prend
522 2864 609 2893 une
626 2851 771 2895 teinte
801 2864 947 2907 rouge
1009 2865 1034 2895 e
1054 2865 1183 2908 sang.

240 2925 295 2936 —
309 2905 545 2956 Serpentes
559 2911 696 2960 atque
715 2905 887 2947 videres
903 2918 1053 2955 canes,
1069 2917 1190 2961 pour

239 2961 470 3051 ,πένῦοᾶιεῗι
485 2956 656 3052 {Zet-gs
666 2963 804 3013 aeque
813 2960 1027 3013 infernas
1036 2971 1186 3001 canes.

283 3038 295 3048 ·
392 3036 403 3048 ”
454 3039 466 3059 ν
568 3040 581 3062 ²
633 3040 645 3053 ·

295 3063 362 3102 20.
391 3062 567 3114 Magna
595 3064 821 3117 sepulcra.
857 3062 897 3105 Y
922 3063 1110 3108 avait-il
1129 3063 1189 3106 de

241 3112 418 3208 §rande
444 3113 695 3157 tombeaux
721 3115 838 3158 dane
863 3120 939 3159 cet
964 3114 1190 3160 endroit?

280 3166 477 3209 eut-&tre
507 3165 671 3209 faut-il
699 3178 873 3222 peneer
908 3168 1022 3224 qn'ss
1052 3168 1190 3225 e'agit

242 3219 302 3262 de
312 3224 608 3261 monumenta
625 3218 782 3283 eleves
799 3218 911 3276 pree
929 3221 1015 3266 dee
1032 3222 1188 3265 fossae

240 3282 508 3315 communes
530 3271 765 3327 romphea.

293 3326 358 3366 ²1.
390 3326 600 3375 Acutum,
628 3324 1035 3381 adven-hiabunt,
1055 3340 1187 3370 com-

242 3390 316 3420 me
347 3376 441 3421 Sat.
472 3388 541 3431 m,
570 3380 638 3442 26.
669 3377 733 3421 La
760 3377 873 3421 voix
890 3379 976 3423 dee
998 3380 1187 3424 ombree

239 3430 945 3547 ssffiffilssxssffigyffiussffgito
956 3434 1187 3529 ‹0333ss

241 3535 436 3591 pai-fait:
456 3549 579 3579 aura
635 3549 687 3579 er
713 3543 929 3579 extr-enas
956 3540 1187 3581 resonavit

239 3589 390 3643 flebile
409 3602 586 3634 messes.
750 3603 853 3632 arez
875 3596 1139 3633 sonatur-ue.

1296 2635 1363 2674 22.
1393 2634 1511 2687 Lupi
1531 2632 1738 2681 barbam,
1762 2631 1805 2673 la
1825 2631 1969 2674 barbe
1989 2633 2048 2675 de
2068 2632 2195 2689 loup,

1244 2685 1324 2756 qui
1343 2685 1514 2727 resiste
1535 2697 1625 2727 aux
1646 2683 2043 2727 enchantemente.
2067 2685 2199 2729 Ellee

1242 2737 1532 2792 lemploient
1560 2736 1623 2779 ici
1654 2741 1814 2780 contre
1846 2735 1917 2779 les
1944 2736 2199 2781 enchante-

1243 2796 1399 2833 mente
1436 2792 1521 2834 dee
1560 2796 1716 2833 autres
1759 2802 1832 2831 ma
1869 2789 2073 2833 'ciennes
2119 2791 2200 2846 qui

1242 2842 1512 2899 peuri-aient
1556 2842 1812 2887 contrarier
1876 2855 1983 2885 eure
2029 2844 2199 2898 opera-

1243 2896 1385 2940 tione.
1404 2918 1457 2930 -
1484 2897 1648 2947 Vas-iau,
1671 2895 1899 2939 tachetee.

1294 2951 1364 2991 23.
1398 2952 1555 2992 Cerea.
1589 2949 1722 2992 Deux
1754 2960 1779 2991 s
1811 2947 1975 2991 llabee.
2012 2948 2202 2995 Comme

1242 3002 1385 3045 Vmo.
1413 3005 1497 3046 En.
1531 3004 1567 3052 1,
1601 3004 1679 3044 698
1705 3017 1716 3045 :
1794 3014 1908 3044 urea
1949 3006 2203 3056 composuit

1242 3056 1523 3150 sporzdaksV.
1543 3056 1700 3150 Νοίιέῗὲ
1718 3067 1802 3148 ³¹⁴3}
1829 3056 1894 3149 lg
1921 3051 2123 3108 metr-ess
2144 3060 2199 3109 53

1242 3119 1621 3225 Βυξωαὸἰεὲὶῗςά,
1644 3111 2063 3216 φιὶςόοῘαῑᾶᾳιιιιιᾱ
2081 3173 2143 3204 on
2157 3161 2202 3205 la

1241 3225 1395 3258 creve.

1293 3276 1362 3318 25.
1417 3277 1597 3326 Dentes,
1653 3275 1964 3324 caliendrum,
2015 3274 2197 3317 fausses

1242 3326 1398 3380 dente,
1417 3327 1573 3371 iausse
1592 3327 1854 3372 chevelure.
1879 3350 1924 3359 -
1950 3329 2098 3382 Atque
2118 3328 2197 3368 re-

1240 3380 1351 3477 get&
1380 3392 1573 3435 marque
1611 3393 1699 3423 une
1730 3379 2000 3424 succeseion
2035 3378 2197 3434 rapide

1275 3447 1300 3476 e
1320 3432 1428 3475 faite
1443 3444 1505 3475 ou
1524 3433 1584 3477 de
1598 3433 1900 3476 sentimenta.
1920 3453 1973 3465 -
2000 3432 2192 3479 Videres,

1238 3497 1301 3528 on
1343 3485 1492 3530 aurait
1532 3498 1618 3538 vu,
1650 3497 1713 3528 on
1756 3484 1951 3542 pouvait
1984 3482 2103 3527 voir.
2149 3487 2199 3526 V.

1241 3538 1332 3582 Sat.
1359 3550 1422 3591 w,
1445 3541 1496 3579 17
1511 3555 1525 3592 ;
1546 3550 1590 3590 v,
1617 3540 1685 3581 45.

1293 3590 1401 3634 Sar.
1429 3591 1505 3633 IX.
1535 3612 1585 3622 -—
1605 3594 1643 3633 1.
1682 3591 1764 3634 Via
1783 3602 1937 3633 sacra.
1978 3593 2021 3632 V.
2046 3588 2197 3644 Epod.
