2690 4169
514 254 607 302 206

1244 247 1565 302 SATIRAE‚
1614 246 1664 303 1,
1715 260 1752 294 1.

520 368 833 443 Quatenus
857 364 924 425 id
952 364 1125 435 facit3
1156 376 1222 423 ut
1251 362 1495 441 quidam
1519 374 1888 421 memoratur
1913 361 2173 422 Athenis

522 446 825 507 Sordidus
853 464 922 504 ac
949 444 1187 503 dives³⁶
1217 441 1432 521 populi
1462 453 1850 500 contemnere
1881 462 2065 501 voces

522 526 626 586 Sic
655 525 874 584 solitus
906 545 920 581 ε
959 547 986 579 α
1016 522 1294 601 Populus
1319 540 1414 579 me
1445 520 1672 590 sibilat,
1702 532 1761 578 at
1791 519 1938 579 mihi
1967 521 2194 600 plaudo

522 606 547 664 Ι
597 625 663 665 se
691 603 878 674 domi,
910 601 1090 661 simul
1113 604 1188 661 ao
1212 618 1493 660 nummos
1522 598 1904 679 contemplor
1929 600 1993 658 in
2020 620 2180 660 arca.
2215 623 2245 656 ι)

575 683 811 745 antalus
824 684 870 718 ³⁷
904 702 938 740 a
965 681 1155 740 labris
1186 680 1404 738 sitiens
1434 678 1729 758 fugientia
1754 690 1952 757 captat

522 763 871 824 Flumina...
908 761 1066 835 Quid
1098 759 1374 818 rides³⁸P
1401 769 1628 817 mutato
1658 758 1925 825 nomine,
1959 759 2032 817 de
2061 770 2120 817 te

524 843 752 903 Fabula
778 853 1080 900 narratur.
1117 837 1448 916 Congestis
1470 837 1737 916 undique
1768 838 1963 896 saccis

2402 841 2484 898 70

524 921 830 981 Indormis
858 920 1102 978 inhians
1119 920 1190 987 ³⁹,
1226 930 1285 975 et
1308 930 1590 995 tanquam
1614 935 1869 995 parcere
1895 917 2087 975 sacris

525 1001 851 1082 Cogeris⁴⁰
878 1011 977 1057 aut
1049 998 1186 1056 ictis
1213 1009 1499 1075 tanquam
1527 997 1794 1074 gaudere
1823 996 2084 1055 tabellis.

522 1081 743 1142 Nescis
773 1099 895 1158 quo
922 1100 962 1137 v
1023 1089 1118 1137 eat
1144 1076 1511 1144 nummus⁴¹,
1545 1094 1724 1153 quem
1753 1076 2022 1154 praebeat
2048 1080 2266 1135 usum?

524 1160 713 1220 Panis
738 1171 990 1229 ematur,
1024 1157 1183 1225 oluS,
1213 1155 1342 1215 vini
1374 1154 1674 1213 sextarius
1687 1154 1739 1189 ⁴2
1755 1177 1770 1224 ;
1803 1155 1957 1214 adde

527 1239 681 1314 Quis
711 1238 970 1296 humana
999 1235 1118 1294 sibi
1149 1235 1351 1293 doleat
1377 1246 1593 1293 natura
1622 1234 1860 1312 negatis
1872 1233 1945 1291 ⁴³.

2403 1237 2483 1295 75

523 1318 623 1378 An
649 1316 904 1396 vigilare
933 1327 1097 1373 metu
1124 1313 1458 1373 exanimem
1470 1313 1544 1383 ⁴⁴,
1575 1326 1907 1391 noctesque
1937 1313 2190 1393 diesque

525 1397 881 1457 Formidare
911 1393 1104 1452 malos
1133 1393 1322 1463 ἕηκε,
1355 1392 1658 1461 incendia,
1692 1410 1930 1459 servos,

525 1476 617 1536 Ne
645 1488 705 1535 te
736 1473 1065 1553 compilent
1089 1472 1390 1551 fugientes
1403 1472 1478 1537 ⁴⁵,
1510 1471 1626 1530 hoc
1641 1469 1849 1550 juvat?
1878 1471 2113 1529 Horum

529 1555 785 1635 Semper
812 1573 928 1633 ego
954 1552 1214 1631 optarim
1240 1550 1668 1629 pauperrimus
1698 1569 1836 1609 esse
1860 1551 2183 1609 bonorum.

527 1634 630 1705 At,
657 1635 712 1693 si
740 1632 1054 1693 condoluit
1073 1642 1366 1691 tentatum
1390 1630 1619 1720 frigore
1650 1630 1961 1708 corpus⁴⁶‚

528 1714 651 1774 Aut
678 1713 832 1772 alius
861 1730 1037 1771 casus
1065 1711 1225 1769 lecto
1253 1723 1311 1768 te
1342 1710 1549 1777 affixit,
1583 1708 1773 1767 habes
1802 1708 1908 1787 qui

528 1793 837 1861 Assideat,
873 1793 1134 1850 fomenta
1159 1801 1356 1869 paret,
1388 1788 1686 1847 medicum
1714 1800 1913 1867 roget,
1948 1800 2013 1846 ut
2039 1801 2098 1847 te

532 1872 800 1933 Suscitet
826 1891 895 1930 ac
921 1871 1080 1929 natis
1109 1871 1324 1927 reddat
1353 1868 1633 1947 carisque
1702 1868 2073 1958 ropinquis?

529 1953 669 2014 Non
700 1971 854 2010 uxor
884 1950 1114 2009 salvum
1143 1961 1203 2007 te
1231 1947 1447 2017 vult⁴⁷,
1479 1966 1604 2005 non

584 2087 652 2125 36.
693 2081 904 2136 Quidam.
926 2080 998 2124 On
1028 2092 1088 2122 ne
1115 2077 1206 2121 sait
1237 2077 1295 2121 de
1323 2075 1405 2133 qui
1432 2075 1477 2119 le

531 2133 670 2193 poete
703 2140 817 2178 veut
840 2132 1019 2189 perlem
1051 2133 1292 2188 peut-&tre
1324 2137 1480 2173 est-ce

533 2187 732 2244 quelque
788 2198 1082 2281 Hei-sonnage
1134 2183 1314 2227 romain
1370 2183 1481 2226 bien

534 2254 685 2284 connu
711 2239 786 2294 qu’
850 2238 1046 2294 designo
1071 2237 1205 2289 ainsi,
1230 2249 1288 2279 en
1306 2249 1364 2278 en
1389 2235 1480 2277 fai-

533 2299 641 2337 sant
667 2306 753 2348 par
782 2292 1019 2348 prudence
1053 2304 1117 2332 un
1147 2288 1397 2332 Athenien.
1429 2310 1482 2320 —·

533 2347 764 2394 Sordidus,
784 2344 1060 2387 avaiieieux.

589 2403 657 2441 37.
682 2399 918 2440 Tantalus.
947 2400 992 2440 V.
1014 2395 1102 2439 od.
1126 2396 1163 2448 1,
1187 2405 1320 2448 xxm,
1342 2397 1385 2436 7.

586 2455 654 2495 38.
680 2452 798 2506 Quid
817 2452 968 2492 rides?
997 2449 1064 2492 De
1091 2448 1201 2503 quoi
1220 2447 1385 2491 l’avare
1402 2446 1484 2489 rit-

533 2505 603 2549 il?
623 2505 746 2549 C'est
768 2516 877 2546 sans
899 2503 1039 2545 doute
1062 2501 1127 2543 du
1143 2507 1227 2544 ton
1249 2500 1482 2556 emphati-

533 2572 626 2654 §ue
630 2558 755 2654 3213
766 2569 828 2651 οἳ
841 2555 906 2598 lui
922 2553 1328 2650 cong-auffiggieffle
1341 2552 1483 2648 fasbtlei

573 2625 628 2654 eu
754 2623 779 2652 e
829 2622 854 2652 e
881 2621 989 2651 vers
1207 2620 1307 2650 us...
1345 2621 1371 2648 e
1447 2619 1463 2647 1

533 2666 624 2708 tire
641 2676 704 2706 ou
762 2662 919 2705 arodie
938 2662 997 2703 de
1016 2661 1216 2716 quelque
1247 2656 1400 2715 poete.
1421 2657 1483 2702 Ce

568 2730 678 2761 eure
748 2729 773 2758 e
811 2714 1107 2770 plaisanterie
1146 2719 1221 2757 est
1265 2711 1484 2766 frequent

569 2783 654 2813 ans
676 2767 1003 2823 Aristophane.

587 2826 656 2865 39.
685 2822 927 2864 maor-mis.
941 2819 979 2862 11
991 2818 1141 2861 craint
1152 2817 1223 2860 les
1235 2816 1424 2861 voleurs
1438 2815 1483 2858 la

535 2872 1032 2926 nuit.v1no.ce'org.·11,
1044 2874 1137 2923 50⁷,
1150 2870 1336 2912 incubat
1349 2883 1479 2911 auro.

589 2931 657 2970 40.
689 2930 753 2969 Τα
818 2938 929 2968 uam
950 2937 1002 2967 se
1024 2929 1241 2978 rapporte
1258 2924 1285 2964 a
1300 2924 1449 2965 sacris
1465 2936 1481 2963 .-

536 2993 600 3023 on
616 2992 675 3022 ne
691 2984 799 3021 touc
835 2991 860 3021 e
880 2990 967 3033 pas
986 2989 1076 3019 aux
1099 2975 1264 3018 choses
1283 2977 1481 3017 sacrees.

537 3056 590 3067 —
615 3033 812 3094 Cogeris,
835 3043 921 3093 par
936 3036 985 3074 ta
1002 3041 1173 3085 propre
1189 3027 1372 3070 sottise.
1395 3028 1484 3071 Sur

539 3089 661 3129 cette
676 3095 913 3126 inversion
929 3080 1307 3127 ennox-dimite,
1329 3085 1374 3121 V.
1394 3081 1481 3124 Od.

542 3140 576 3191 1,
593 3148 689 3190 xix,
708 3139 748 3188 6,
770 3141 817 3179 et
837 3135 974 3190 vingt
990 3140 1146 3177 autres
1165 3146 1302 3196 passa
1337 3146 1404 3176 es.

595 3193 663 3231 41.
696 3190 790 3243 Quo
820 3190 991 3237 valeat,
1028 3188 1055 3229 a
1076 3198 1187 3241 quoi
1215 3192 1288 3229 est
1349 3198 1426 3238 on,
1460 3186 1487 3227 ὲ

540 3239 1351 3346 ἓέοἷκὲῗὲἷὶ’ἑῗιιῧῖἒέἰῗῗῖἔὲῗῗέᾆῗ
1376 3252 1490 3334 “i-2⁰.

543 3326 649 3392 {iter
672 3349 697 3389 ἐι
716 3347 760 3390 la
783 3307 947 3402 gloiiz.
977 3348 1071 3401 Quo
1102 3347 1254 3388 valeat
1275 3305 1488 3388 ost'dznc

542 3414 800 3458 synonyme
819 3401 877 3442 de
906 3401 967 3442 ad
987 3399 1115 3454 quid,
1140 3400 1203 3441 ad
1220 3411 1362 3454 quam
1392 3410 1490 3439 rem

543 3458 944 3554 mliaetssextarius,
972 3503 1018 3546 le
1052 3503 1208 3555 setier,
1236 3506 1309 3544 48·
1341 3502 1490 3558 partie

544 3562 603 3605 de
618 3559 885 3615 l’amphore,
903 3557 1047 3601 valuit
1064 3559 1089 3598 a
1115 3570 1207 3613 peu
1223 3554 1334 3612 pres
1357 3561 1491 3598 notre

1699 1966 1827 2017 1us;
1860 1966 2071 2005 omnes

1532 2074 1754 2120 bouteille
1797 2075 2044 2119 ordinaire.
2083 2075 2263 2120 Devant
2303 2086 2486 2121 ematur

1533 2135 1772 2173 sous-ent.
1792 2135 1859 2172 ut.

1585 2184 1655 2224 43.
1735 2183 1819 2230 uls,
1855 2181 2030 2224 εμὲ-ά.
2060 2194 2118 2223 ea
2147 2182 2363 2238 quibus...
2397 2185 2485 2227 Par

1535 2248 1702 2290 exemp
1724 2248 1763 2286 e,
1783 2236 1868 2277 des
1896 2234 2052 2277 habits
2080 2247 2294 2292 propres,
2325 2250 2388 2278 un
2408 2237 2485 2280 lo·-

1535 2294 1725 2344 gement
1744 2288 1999 2339 commode,
2025 2293 2113 2330 etc.

1586 2344 1655 2382 44.
1682 2341 1967 2388 Exanimem,
1999 2346 2236 2383 sous-ent.
2266 2348 2322 2390 te,
2354 2353 2486 2384 com-

1535 2394 1745 2449 plement
1767 2393 1826 2436 de
1837 2394 1994 2448 Juvat.

1587 2449 1657 2488 45.
1690 2449 1860 2490 Servos.
1892 2447 1956 2489 La
1980 2446 2256 2501 possession
2287 2446 2372 2490 des
2405 2459 2486 2490 es-

1537 2497 1692 2541 claves
1711 2499 1825 2542 etait
1852 2512 1942 2542 une
1970 2498 2110 2543 chose
2136 2498 2402 2555 perilleuse.
2424 2501 2486 2542 Le

1536 2551 1714 2608 danger
1728 2554 1790 2594 ou
1815 2563 1878 2596 on
1908 2551 2021 2595 etait
2047 2564 2157 2594 sans
2180 2565 2313 2595 cesse
2340 2554 2486 2596 d’etrc

1535 2607 1614 2647 tue
1635 2618 1695 2647 ou
1709 2605 1815 2647 vole
1829 2617 1915 2660 par
1928 2617 2017 2647 eux
2066 2605 2329 2660 reoccupait
2341 2606 2487 2649 beau-

1536 2670 1655 2713 coup
1688 2657 1758 2700 les
1792 2659 1999 2700 malti-es.
2063 2666 2237 2700 ouvent
2264 2658 2325 2701 ils
2360 2659 2486 2701 s’en-

1535 2709 1743 2766 fuyaient
1757 2715 1864 2753 tous
1878 2710 2119 2754 ensemble
2135 2712 2270 2753 d'une
2284 2711 2487 2764 maison;

1535 2763 1661 2806 voila
1692 2763 1737 2805 le
1764 2763 1929 2805 maitre
1963 2763 2081 2807 dans
2117 2777 2180 2806 un
2207 2764 2358 2819 grand
2384 2777 2486 2807 em-

1535 2816 1712 2859 barraS.
1743 2815 1822 2867 lei,
1856 2814 1918 2858 ils
1949 2815 2098 2858 fuient
2127 2822 2174 2859 et
2209 2815 2368 2859 volent
2390 2819 2417 2859 a
2443 2817 2487 2860 la

1534 2868 1643 2911 fois.
1682 2892 1734 2899 —
1772 2868 2000 2922 optarim,
2021 2868 2070 2922 je
2106 2869 2205 2911 suis
2238 2870 2314 2911 dis
2378 2871 2431 2913 se
2460 2872 2488 2912 ὁ

1535 2920 2290 2976 souhaiter,puisse·j0tonjoursso
2383 2922 2488 2966 ‘ter.

1534 2998 1588 3008 —
1605 2977 1710 3017 Esse
1727 2975 2077 3029 pauperrimus,
2102 2986 2280 3018 comme
2307 2977 2378 3018 ait
2395 2988 2488 3019 esse

1540 3028 1710 3075 beatus,
1738 3033 1934 3082 syntaxe
1963 3027 2043 3081 qui
2073 3029 2223 3082 parsit
2254 3028 2385 3071 avoir
2413 3030 2489 3071 όιό

1539 3079 1741 3135 speciale
1758 3092 1848 3122 aux
1872 3079 2050 3134 poetes.
2071 3102 2125 3112 —
2144 3084 2244 3123 Pau
2278 3094 2328 3123 er
2347 3082 2488 3124 bono-

1539 3146 1657 3181 rum,
1676 3145 1852 3175 commo
1868 3134 1984 3175 dans
2004 3132 2200 3188 Virgile,
2249 3135 2340 3176 ive-s·
2355 3148 2381 3176 o
2417 3149 2491 3176 ιιηι

1544 3187 1802 3234 variarum,
1835 3188 2038 3227 omnium
2073 3198 2252 3240 egenus,
2294 3193 2341 3230 et

1540 3237 1740 3281 Luereco
1757 3240 1923 3292 plenus
1948 3240 2057 3281 uitat.

1592 3294 1662 3334 46.
1689 3294 1748 3333 At
1766 3293 1820 3339 si,
1874 3291 2053 3334 uestion
2068 3292 2293 3347 ironiquc.
2314 3315 2368 3325 —
2385 3296 2493 3334 Ten-

1545 3350 1647 3387 tare
1665 3356 1716 3386 se
1740 3344 1811 3387 dit
1867 3357 1891 3386 e
1912 3344 2126 3398 l'attaque
2147 3347 2231 3388 des
2250 3345 2487 3390 maledics.

1550 3401 1597 3440 V.
1618 3399 1758 3440 Vmo.
1799 3396 1955 3450 Ge'org.
1980 3398 2059 3448 ΙΙΙ,
2082 3401 2158 3439 441
2184 3414 2192 3440 :
2220 3406 2361 3452 Turpis
2394 3416 2492 3444 oves

1545 3457 1852 3503 munemne-z,
1871 3457 1938 3494 ubi
1957 3457 2129 3503 frigidus
2152 3457 2332 3496 imber...
2348 3455 2491 3506 —Af-

1544 3505 1665 3557 fiaeic.
1694 3504 1766 3547 On
1786 3503 1841 3545 lit
1859 3502 1988 3544 aussi
2012 3504 2208 3555 asflcaez't.

1595 3559 1664 3599 47.
1700 3558 1815 3604 Vult,
1836 3554 1993 3598 mieux
2014 3557 2117 3598 volt.
2132 3558 2344 3605 —Pueri,
2361 3559 2490 3611 puel·

2436 3202 2492 3230 us
