<?xml version="1.0" encoding="UTF-8"?>
<!DOCTYPE html PUBLIC "-//W3C//DTD XHTML 1.0 Transitional//EN"
    "http://www.w3.org/TR/xhtml1/DTD/xhtml1-transitional.dtd">
<html xmlns="http://www.w3.org/1999/xhtml" xml:lang="en" lang="en">
 <head>
  <title>
</title>
<meta http-equiv="Content-Type" content="text/html;charset=utf-8" />
  <meta name='ocr-system' content='tesseract 3.04.00' />
  <meta name='ocr-capabilities' content='ocr_page ocr_carea ocr_par ocr_line ocrx_word'/>
</head>
<body>
  <div class='ocr_page' id='page_1' title='image "./quintihoratifla02horagoog_0347.png"; bbox 0 0 2690 4169; ppageno 0'>
   <div class='ocr_carea' id='block_1_1' title="bbox 918 255 1525 312">
    <p class='ocr_par' dir='ltr' id='par_1_1' title="bbox 918 255 1525 312">
     <span class='ocr_line' id='line_1_1' title="bbox 918 255 1525 312; baseline -0.002 -10"><span class='ocrx_word' id='word_1_1' title='bbox 918 255 1247 311; x_wconf 85' lang='lat' dir='ltr'><strong>SATIRAE,</strong></span> <span class='ocrx_word' id='word_1_2' title='bbox 1295 256 1382 312; x_wconf 92' lang='lat'>11,</span> <span class='ocrx_word' id='word_1_3' title='bbox 1427 269 1525 302; x_wconf 89' lang='lat'>111.</span> 
     </span>
    </p>
   </div>
   <div class='ocr_carea' id='block_1_2' title="bbox 2107 257 2199 305">
    <p class='ocr_par' dir='ltr' id='par_1_2' title="bbox 2107 257 2199 305">
     <span class='ocr_line' id='line_1_2' title="bbox 2107 257 2199 305; baseline 0 -1"><span class='ocrx_word' id='word_1_4' title='bbox 2107 257 2199 305; x_wconf 84' lang='lat'>293</span> 
     </span>
    </p>
   </div>
   <div class='ocr_carea' id='block_1_3' title="bbox 245 367 2198 605">
    <p class='ocr_par' dir='ltr' id='par_1_3' title="bbox 245 367 2198 605">
     <span class='ocr_line' id='line_1_3' title="bbox 323 367 1787 448; baseline 0 -22"><span class='ocrx_word' id='word_1_5' title='bbox 323 367 608 448; x_wconf 88' lang='lat' dir='ltr'>Porrigis</span> <span class='ocrx_word' id='word_1_6' title='bbox 641 368 796 426; x_wconf 87' lang='lat' dir='ltr'>irato</span> <span class='ocrx_word' id='word_1_7' title='bbox 827 387 1020 444; x_wconf 89' lang='lat' dir='ltr'>puero</span> <span class='ocrx_word' id='word_1_8' title='bbox 1051 388 1186 427; x_wconf 93' lang='lat' dir='ltr'>cum</span> <span class='ocrx_word' id='word_1_9' title='bbox 1215 388 1417 445; x_wconf 86' lang='lat' dir='ltr'>poma,</span> <span class='ocrx_word' id='word_1_10' title='bbox 1452 380 1713 426; x_wconf 84' lang='lat' dir='ltr'>recusat.</span> <span class='ocrx_word' id='word_1_11' title='bbox 1778 432 1787 443; x_wconf 38' lang='lat'>⁸</span> 
     </span>
     <span class='ocr_line' id='line_1_4' title="bbox 248 446 2198 526; baseline 0.003 -22"><span class='ocrx_word' id='word_1_12' title='bbox 248 472 278 504; x_wconf 69' lang='grc' dir='ltr'><strong>α</strong></span> <span class='ocrx_word' id='word_1_13' title='bbox 313 448 517 516; x_wconf 89' lang='lat' dir='ltr'>Sume,</span> <span class='ocrx_word' id='word_1_14' title='bbox 563 446 886 505; x_wconf 71' lang='lat' dir='ltr'>catelle¹³⁴.</span> <span class='ocrx_word' id='word_1_15' title='bbox 939 470 967 500; x_wconf 67' lang='lat'>³&gt;</span> <span class='ocrx_word' id='word_1_16' title='bbox 1016 447 1232 526; x_wconf 83' lang='lat' dir='ltr'>Negat.</span> <span class='ocrx_word' id='word_1_17' title='bbox 1272 447 1336 505; x_wconf 88' lang='lat' dir='ltr'>Si</span> <span class='ocrx_word' id='word_1_18' title='bbox 1368 467 1495 506; x_wconf 89' lang='lat' dir='ltr'>non</span> <span class='ocrx_word' id='word_1_19' title='bbox 1536 449 1667 516; x_wconf 76' lang='lat' dir='ltr'>dee,</span> <span class='ocrx_word' id='word_1_20' title='bbox 1717 459 1905 525; x_wconf 85' lang='lat' dir='ltr'>optat.</span> <span class='ocrx_word' id='word_1_21' title='bbox 1944 447 2198 509; x_wconf 82' lang='lat' dir='ltr'><strong>Amator</strong></span> 
     </span>
     <span class='ocr_line' id='line_1_5' title="bbox 245 524 1874 605; baseline -0.001 -19"><span class='ocrx_word' id='word_1_22' title='bbox 245 527 547 587; x_wconf 84' lang='lat' dir='ltr'>Exclusus</span> <span class='ocrx_word' id='word_1_23' title='bbox 578 526 679 604; x_wconf 90' lang='lat' dir='ltr'>qui</span> <span class='ocrx_word' id='word_1_24' title='bbox 711 526 916 596; x_wconf 90' lang='lat' dir='ltr'>distat,</span> <span class='ocrx_word' id='word_1_25' title='bbox 952 524 1078 605; x_wconf 88' lang='lat' dir='ltr'>agit</span> <span class='ocrx_word' id='word_1_26' title='bbox 1103 525 1208 585; x_wconf 88' lang='lat' dir='ltr'>ubi</span> <span class='ocrx_word' id='word_1_27' title='bbox 1239 545 1446 585; x_wconf 90' lang='lat' dir='ltr'>secum</span> <span class='ocrx_word' id='word_1_28' title='bbox 1478 537 1593 598; x_wconf 88' lang='lat' dir='ltr'>eat,</span> <span class='ocrx_word' id='word_1_29' title='bbox 1630 545 1704 584; x_wconf 89' lang='lat' dir='ltr'>an</span> <span class='ocrx_word' id='word_1_30' title='bbox 1728 546 1874 598; x_wconf 89' lang='lat' dir='ltr'>non,</span> 
     </span>
    </p>
   </div>
   <div class='ocr_carea' id='block_1_4' title="bbox 248 605 1828 681">
    <p class='ocr_par' dir='ltr' id='par_1_4' title="bbox 248 605 1828 681">
     <span class='ocr_line' id='line_1_6' title="bbox 248 605 1828 681; baseline -0.001 -15"><span class='ocrx_word' id='word_1_31' title='bbox 248 607 383 681; x_wconf 92' lang='lat' dir='ltr'>Quo</span> <span class='ocrx_word' id='word_1_32' title='bbox 414 605 726 665; x_wconf 90' lang='lat' dir='ltr'>rediturus</span> <span class='ocrx_word' id='word_1_33' title='bbox 759 616 889 663; x_wconf 89' lang='lat' dir='ltr'>erat</span> <span class='ocrx_word' id='word_1_34' title='bbox 918 625 1043 664; x_wconf 92' lang='lat' dir='ltr'>non</span> <span class='ocrx_word' id='word_1_35' title='bbox 1073 605 1523 677; x_wconf 78' lang='lat' dir='ltr'>arcessitus¹³⁵,</span> <span class='ocrx_word' id='word_1_36' title='bbox 1557 615 1618 664; x_wconf 91' lang='lat' dir='ltr'>et</span> <span class='ocrx_word' id='word_1_37' title='bbox 1639 605 1828 664; x_wconf 81' lang='lat' dir='ltr'>haeret</span> 
     </span>
    </p>
   </div>
   <div class='ocr_carea' id='block_1_5' title="bbox 2080 608 2199 667">
    <p class='ocr_par' dir='ltr' id='par_1_5' title="bbox 2080 608 2199 667">
     <span class='ocr_line' id='line_1_7' title="bbox 2080 608 2199 667; baseline 0.017 -2"><span class='ocrx_word' id='word_1_38' title='bbox 2080 608 2199 667; x_wconf 88' lang='lat'>260</span> 
     </span>
    </p>
   </div>
   <div class='ocr_carea' id='block_1_6' title="bbox 248 683 1915 756">
    <p class='ocr_par' dir='ltr' id='par_1_6' title="bbox 248 683 1915 756">
     <span class='ocr_line' id='line_1_8' title="bbox 248 683 1915 756; baseline 0 -12"><span class='ocrx_word' id='word_1_39' title='bbox 248 685 474 745; x_wconf 88' lang='lat' dir='ltr'>Invisis</span> <span class='ocrx_word' id='word_1_40' title='bbox 508 685 784 744; x_wconf 78' lang='lat' dir='ltr'>foribus?</span> <span class='ocrx_word' id='word_1_41' title='bbox 818 707 845 739; x_wconf 75' lang='lat' dir='ltr'>&lt;c</span> <span class='ocrx_word' id='word_1_42' title='bbox 881 683 971 742; x_wconf 92' lang='lat' dir='ltr'>Ne</span> <span class='ocrx_word' id='word_1_43' title='bbox 1003 704 1186 754; x_wconf 92' lang='lat' dir='ltr'>nunc,</span> <span class='ocrx_word' id='word_1_44' title='bbox 1222 704 1360 744; x_wconf 91' lang='lat' dir='ltr'>cum</span> <span class='ocrx_word' id='word_1_45' title='bbox 1401 704 1496 743; x_wconf 90' lang='lat' dir='ltr'>me</span> <span class='ocrx_word' id='word_1_46' title='bbox 1523 696 1703 744; x_wconf 87' lang='lat' dir='ltr'>vocet</span> <span class='ocrx_word' id='word_1_47' title='bbox 1729 684 1915 756; x_wconf 88' lang='lat' dir='ltr'>ultre,</span> 
     </span>
    </p>
   </div>
   <div class='ocr_carea' id='block_1_7' title="bbox 245 764 715 824">
    <p class='ocr_par' dir='ltr' id='par_1_7' title="bbox 245 764 715 824">
     <span class='ocr_line' id='line_1_9' title="bbox 245 764 715 824; baseline -0.011 1"><span class='ocrx_word' id='word_1_48' title='bbox 245 766 549 824; x_wconf 85' lang='lat' dir='ltr'><strong>Accedam</strong></span> <span class='ocrx_word' id='word_1_49' title='bbox 565 764 662 820; x_wconf 77' lang='lat'>¹³⁶.</span> <span class='ocrx_word' id='word_1_50' title='bbox 677 807 689 821; x_wconf 92' lang='lat'>.</span> <span class='ocrx_word' id='word_1_51' title='bbox 703 807 715 821; x_wconf 93' lang='lat'>.</span> 
     </span>
    </p>
   </div>
   <div class='ocr_carea' id='block_1_8' title="bbox 753 763 1879 840">
    <p class='ocr_par' dir='ltr' id='par_1_8' title="bbox 753 763 1879 840">
     <span class='ocr_line' id='line_1_10' title="bbox 753 763 1879 840; baseline 0 -19"><span class='ocrx_word' id='word_1_52' title='bbox 753 783 829 821; x_wconf 86' lang='lat' dir='ltr'>an</span> <span class='ocrx_word' id='word_1_53' title='bbox 863 763 1067 840; x_wconf 89' lang='lat' dir='ltr'>potius</span> <span class='ocrx_word' id='word_1_54' title='bbox 1097 763 1358 822; x_wconf 90' lang='lat' dir='ltr'>mediter</span> <span class='ocrx_word' id='word_1_55' title='bbox 1384 763 1561 822; x_wconf 91' lang='lat' dir='ltr'>finire</span> <span class='ocrx_word' id='word_1_56' title='bbox 1592 763 1879 822; x_wconf 80' lang='lat' dir='ltr'>dolores?</span> 
     </span>
    </p>
   </div>
   <div class='ocr_carea' id='block_1_9' title="bbox 200 842 2198 1395">
    <p class='ocr_par' dir='ltr' id='par_1_9' title="bbox 248 842 2037 913">
     <span class='ocr_line' id='line_1_11' title="bbox 248 842 2037 913; baseline 0 -11"><span class='ocrx_word' id='word_1_57' title='bbox 248 844 526 902; x_wconf 84' lang='lat' dir='ltr'>Exclusit</span> <span class='ocrx_word' id='word_1_58' title='bbox 539 867 553 913; x_wconf 93' lang='lat'>;</span> <span class='ocrx_word' id='word_1_59' title='bbox 590 853 875 902; x_wconf 89' lang='lat' dir='ltr'>revocat:</span> <span class='ocrx_word' id='word_1_60' title='bbox 911 844 1196 900; x_wconf 82' lang='lat' dir='ltr'>redeam?</span> <span class='ocrx_word' id='word_1_61' title='bbox 1225 862 1351 902; x_wconf 91' lang='lat' dir='ltr'>non</span> <span class='ocrx_word' id='word_1_62' title='bbox 1382 842 1437 901; x_wconf 93' lang='lat' dir='ltr'>si</span> <span class='ocrx_word' id='word_1_63' title='bbox 1468 843 1774 901; x_wconf 84' lang='lat' dir='ltr'>obsecret.</span> <span class='ocrx_word' id='word_1_64' title='bbox 1812 866 1839 897; x_wconf 75' lang='lat' dir='ltr'>n</span> <span class='ocrx_word' id='word_1_65' title='bbox 1876 842 2037 902; x_wconf 85' lang='lat' dir='ltr'>Ecce</span> 
     </span>
    </p>

    <p class='ocr_par' dir='ltr' id='par_1_10' title="bbox 200 920 1950 1001">
     <span class='ocr_line' id='line_1_12' title="bbox 200 920 1950 1001; baseline -0.001 -19"><span class='ocrx_word' id='word_1_66' title='bbox 200 921 206 926; x_wconf 77' lang='grc'>’</span> <span class='ocrx_word' id='word_1_67' title='bbox 249 923 478 983; x_wconf 85' lang='lat' dir='ltr'>Servus</span> <span class='ocrx_word' id='word_1_68' title='bbox 508 942 632 981; x_wconf 90' lang='lat' dir='ltr'>non</span> <span class='ocrx_word' id='word_1_69' title='bbox 661 922 842 1001; x_wconf 90' lang='lat' dir='ltr'>paulo</span> <span class='ocrx_word' id='word_1_70' title='bbox 874 920 1337 998; x_wconf 75' lang='lat' dir='ltr'>sapientior¹³⁷z</span> <span class='ocrx_word' id='word_1_71' title='bbox 1379 945 1406 977; x_wconf 75' lang='lat' dir='ltr'>&lt;c</span> <span class='ocrx_word' id='word_1_72' title='bbox 1445 920 1495 979; x_wconf 93' lang='lat' dir='ltr'>O</span> <span class='ocrx_word' id='word_1_73' title='bbox 1529 941 1654 991; x_wconf 89' lang='lat' dir='ltr'>ere,</span> <span class='ocrx_word' id='word_1_74' title='bbox 1687 941 1818 1000; x_wconf 85' lang='lat' dir='ltr'>quae</span> <span class='ocrx_word' id='word_1_75' title='bbox 1848 939 1950 980; x_wconf 89' lang='lat' dir='ltr'>res</span> 
     </span>
    </p>

    <p class='ocr_par' dir='ltr' id='par_1_11' title="bbox 244 1000 2198 1308">
     <span class='ocr_line' id='line_1_13' title="bbox 246 1000 2198 1079; baseline -0.002 -18"><span class='ocrx_word' id='word_1_76' title='bbox 246 1003 374 1061; x_wconf 91' lang='lat' dir='ltr'>Nec</span> <span class='ocrx_word' id='word_1_77' title='bbox 403 1003 649 1060; x_wconf 93' lang='lat' dir='ltr'>modum</span> <span class='ocrx_word' id='word_1_78' title='bbox 682 1000 864 1058; x_wconf 90' lang='lat' dir='ltr'>habet</span> <span class='ocrx_word' id='word_1_79' title='bbox 894 1020 1092 1078; x_wconf 85' lang='lat' dir='ltr'>neque</span> <span class='ocrx_word' id='word_1_80' title='bbox 1125 1000 1449 1059; x_wconf 89' lang='lat' dir='ltr'>consilium</span> <span class='ocrx_word' id='word_1_81' title='bbox 1479 1001 1714 1059; x_wconf 89' lang='lat' dir='ltr'>ratione</span> <span class='ocrx_word' id='word_1_82' title='bbox 1739 1002 2043 1079; x_wconf 91' lang='lat' dir='ltr'>modoque</span> <span class='ocrx_word' id='word_1_83' title='bbox 2081 1001 2198 1058; x_wconf 87' lang='lat'>265</span> 
     </span>
     <span class='ocr_line' id='line_1_14' title="bbox 248 1079 2191 1150; baseline -0.002 -11"><span class='ocrx_word' id='word_1_84' title='bbox 248 1081 523 1139; x_wconf 83' lang='lat' dir='ltr'>Tractari</span> <span class='ocrx_word' id='word_1_85' title='bbox 563 1100 688 1138; x_wconf 91' lang='lat' dir='ltr'>non</span> <span class='ocrx_word' id='word_1_86' title='bbox 727 1079 876 1139; x_wconf 80' lang='lat' dir='ltr'>vult.</span> <span class='ocrx_word' id='word_1_87' title='bbox 933 1079 1004 1136; x_wconf 89' lang='lat' dir='ltr'>In</span> <span class='ocrx_word' id='word_1_88' title='bbox 1043 1099 1245 1138; x_wconf 89' lang='lat' dir='ltr'>amore</span> <span class='ocrx_word' id='word_1_89' title='bbox 1277 1079 1404 1138; x_wconf 85' lang='lat' dir='ltr'>haec</span> <span class='ocrx_word' id='word_1_90' title='bbox 1434 1092 1577 1138; x_wconf 88' lang='lat' dir='ltr'>sunt</span> <span class='ocrx_word' id='word_1_91' title='bbox 1615 1079 1899 1138; x_wconf 75' lang='lat' dir='ltr'>mala¹³⁸z</span> <span class='ocrx_word' id='word_1_92' title='bbox 1943 1079 2191 1150; x_wconf 89' lang='lat' dir='ltr'>bellum,</span> 
     </span>
     <span class='ocr_line' id='line_1_15' title="bbox 245 1158 1916 1238; baseline 0 -20"><span class='ocrx_word' id='word_1_93' title='bbox 245 1161 372 1220; x_wconf 81' lang='lat' dir='ltr'>Pax</span> <span class='ocrx_word' id='word_1_94' title='bbox 405 1179 667 1218; x_wconf 90' lang='lat' dir='ltr'>rursum.</span> <span class='ocrx_word' id='word_1_95' title='bbox 708 1158 851 1216; x_wconf 85' lang='lat' dir='ltr'>Haec</span> <span class='ocrx_word' id='word_1_96' title='bbox 882 1158 935 1216; x_wconf 91' lang='lat' dir='ltr'>si</span> <span class='ocrx_word' id='word_1_97' title='bbox 961 1158 1123 1237; x_wconf 88' lang='lat' dir='ltr'>quis,</span> <span class='ocrx_word' id='word_1_98' title='bbox 1157 1159 1537 1237; x_wconf 85' lang='lat' dir='ltr'>tempestatis</span> <span class='ocrx_word' id='word_1_99' title='bbox 1568 1179 1761 1238; x_wconf 88' lang='lat' dir='ltr'>prope</span> <span class='ocrx_word' id='word_1_100' title='bbox 1793 1158 1916 1218; x_wconf 92' lang='lat' dir='ltr'>ritu</span> 
     </span>
     <span class='ocr_line' id='line_1_16' title="bbox 244 1237 1591 1308; baseline -0.001 -10"><span class='ocrx_word' id='word_1_101' title='bbox 244 1239 501 1298; x_wconf 85' lang='lat' dir='ltr'>Mobilia</span> <span class='ocrx_word' id='word_1_102' title='bbox 532 1251 590 1297; x_wconf 89' lang='lat' dir='ltr'>et</span> <span class='ocrx_word' id='word_1_103' title='bbox 621 1257 777 1297; x_wconf 88' lang='lat' dir='ltr'>caeca</span> <span class='ocrx_word' id='word_1_104' title='bbox 802 1237 1102 1296; x_wconf 89' lang='lat' dir='ltr'>fluitantia</span> <span class='ocrx_word' id='word_1_105' title='bbox 1129 1250 1318 1308; x_wconf 89' lang='lat' dir='ltr'>sorte,</span> <span class='ocrx_word' id='word_1_106' title='bbox 1353 1238 1591 1297; x_wconf 88' lang='lat' dir='ltr'>laboret</span> 
     </span>
    </p>

    <p class='ocr_par' dir='ltr' id='par_1_12' title="bbox 244 1315 1865 1395">
     <span class='ocr_line' id='line_1_17' title="bbox 244 1315 1865 1395; baseline -0.002 -18"><span class='ocrx_word' id='word_1_107' title='bbox 244 1319 529 1377; x_wconf 87' lang='lat' dir='ltr'>Reddere</span> <span class='ocrx_word' id='word_1_108' title='bbox 571 1329 737 1376; x_wconf 86' lang='lat' dir='ltr'>certa</span> <span class='ocrx_word' id='word_1_109' title='bbox 765 1317 906 1385; x_wconf 87' lang='lat' dir='ltr'>sibi,</span> <span class='ocrx_word' id='word_1_110' title='bbox 939 1315 1133 1375; x_wconf 88' lang='lat' dir='ltr'>nihilo</span> <span class='ocrx_word' id='word_1_111' title='bbox 1162 1316 1302 1395; x_wconf 92' lang='lat' dir='ltr'>plus</span> <span class='ocrx_word' id='word_1_112' title='bbox 1333 1316 1682 1395; x_wconf 79' lang='lat' dir='ltr'>explicet¹³⁹</span> <span class='ocrx_word' id='word_1_113' title='bbox 1714 1336 1782 1375; x_wconf 93' lang='lat' dir='ltr'>ac</span> <span class='ocrx_word' id='word_1_114' title='bbox 1812 1316 1865 1374; x_wconf 90' lang='lat' dir='ltr'>si</span> 
     </span>
    </p>
   </div>
   <div class='ocr_carea' id='block_1_10' title="bbox 246 1396 1613 1475">
    <p class='ocr_par' dir='ltr' id='par_1_13' title="bbox 246 1396 1613 1475">
     <span class='ocr_line' id='line_1_18' title="bbox 246 1396 1613 1475; baseline -0.005 -19"><span class='ocrx_word' id='word_1_115' title='bbox 246 1397 524 1457; x_wconf 87' lang='lat' dir='ltr'>Insanire</span> <span class='ocrx_word' id='word_1_116' title='bbox 555 1409 731 1475; x_wconf 89' lang='lat' dir='ltr'>paret</span> <span class='ocrx_word' id='word_1_117' title='bbox 761 1408 927 1454; x_wconf 90' lang='lat' dir='ltr'>certa</span> <span class='ocrx_word' id='word_1_118' title='bbox 955 1396 1190 1454; x_wconf 90' lang='lat' dir='ltr'>ratione</span> <span class='ocrx_word' id='word_1_119' title='bbox 1221 1399 1547 1474; x_wconf 89' lang='lat' dir='ltr'>modoque.</span> <span class='ocrx_word' id='word_1_120' title='bbox 1587 1420 1613 1450; x_wconf 85' lang='grc'>»</span> 
     </span>
    </p>
   </div>
   <div class='ocr_carea' id='block_1_11' title="bbox 2063 1379 2201 1455">
    <p class='ocr_par' dir='ltr' id='par_1_14' title="bbox 2063 1379 2201 1455">
     <span class='ocr_line' id='line_1_19' title="bbox 2063 1379 2201 1455; baseline 0.007 -2"><span class='ocrx_word' id='word_1_121' title='bbox 2063 1379 2201 1455; x_wconf 83' lang='lat'><strong>&#39;270</strong></span> 
     </span>
    </p>
   </div>
   <div class='ocr_carea' id='block_1_12' title="bbox 247 1474 1935 1710">
    <p class='ocr_par' dir='ltr' id='par_1_15' title="bbox 247 1474 1935 1710">
     <span class='ocr_line' id='line_1_20' title="bbox 324 1474 1865 1553; baseline -0.003 -16"><span class='ocrx_word' id='word_1_122' title='bbox 324 1477 525 1550; x_wconf 82' lang='lat' dir='ltr'>Quid?</span> <span class='ocrx_word' id='word_1_123' title='bbox 555 1496 712 1545; x_wconf 88' lang='lat' dir='ltr'>cum,</span> <span class='ocrx_word' id='word_1_124' title='bbox 746 1474 992 1533; x_wconf 80' lang='lat' dir='ltr'>Picenis</span> <span class='ocrx_word' id='word_1_125' title='bbox 1018 1494 1354 1553; x_wconf 85' lang='lat' dir='ltr'>excerpens</span> <span class='ocrx_word' id='word_1_126' title='bbox 1386 1474 1618 1534; x_wconf 91' lang='lat' dir='ltr'>semina</span> <span class='ocrx_word' id='word_1_127' title='bbox 1643 1474 1865 1552; x_wconf 78' lang='lat' dir='ltr'>pomiS,</span> 
     </span>
     <span class='ocr_line' id='line_1_21' title="bbox 247 1552 1935 1631; baseline -0.004 -16"><span class='ocrx_word' id='word_1_128' title='bbox 247 1556 492 1616; x_wconf 88' lang='lat' dir='ltr'>Gaudes</span> <span class='ocrx_word' id='word_1_129' title='bbox 515 1555 567 1613; x_wconf 89' lang='lat' dir='ltr'>si</span> <span class='ocrx_word' id='word_1_130' title='bbox 600 1573 896 1612; x_wconf 87' lang='lat' dir='ltr'>cameram</span> <span class='ocrx_word' id='word_1_131' title='bbox 926 1553 1198 1630; x_wconf 89' lang='lat' dir='ltr'>percusti</span> <span class='ocrx_word' id='word_1_132' title='bbox 1229 1554 1407 1624; x_wconf 90' lang='lat' dir='ltr'>forte,</span> <span class='ocrx_word' id='word_1_133' title='bbox 1441 1572 1633 1631; x_wconf 90' lang='lat' dir='ltr'>penes</span> <span class='ocrx_word' id='word_1_134' title='bbox 1661 1565 1720 1611; x_wconf 92' lang='lat' dir='ltr'>te</span> <span class='ocrx_word' id='word_1_135' title='bbox 1752 1552 1935 1611; x_wconf 74' lang='lat' dir='ltr'>’s¹&#39;*⁰?</span> 
     </span>
     <span class='ocr_line' id='line_1_22' title="bbox 247 1631 1846 1710; baseline -0.002 -17"><span class='ocrx_word' id='word_1_136' title='bbox 247 1635 449 1709; x_wconf 83' lang='lat' dir='ltr'>Quid?</span> <span class='ocrx_word' id='word_1_137' title='bbox 481 1652 615 1692; x_wconf 90' lang='lat' dir='ltr'>cum</span> <span class='ocrx_word' id='word_1_138' title='bbox 654 1633 833 1690; x_wconf 85' lang='lat' dir='ltr'>balba</span> <span class='ocrx_word' id='word_1_139' title='bbox 863 1631 1009 1690; x_wconf 85' lang='lat' dir='ltr'>feris</span> <span class='ocrx_word' id='word_1_140' title='bbox 1043 1652 1275 1691; x_wconf 88' lang='lat' dir='ltr'>annoso</span> <span class='ocrx_word' id='word_1_141' title='bbox 1305 1635 1497 1691; x_wconf 84' lang='lat' dir='ltr'>verba</span> <span class='ocrx_word' id='word_1_142' title='bbox 1530 1631 1846 1710; x_wconf 75' lang='lat' dir='ltr'>palato²⁴¹‚</span> 
     </span>
    </p>
   </div>
   <div class='ocr_carea' id='block_1_13' title="bbox 242 1769 1200 3614">
    <p class='ocr_par' dir='ltr' id='par_1_16' title="bbox 242 1769 1194 2399">
     <span class='ocr_line' id='line_1_23' title="bbox 243 1769 1187 1821; baseline -0.005 -5"><span class='ocrx_word' id='word_1_143' title='bbox 243 1775 490 1821; x_wconf 63' lang='lat' dir='ltr'>Fau-iolas,</span> <span class='ocrx_word' id='word_1_144' title='bbox 509 1770 802 1814; x_wconf 77' lang='lat' dir='ltr'>bandelettes</span> <span class='ocrx_word' id='word_1_145' title='bbox 820 1783 879 1813; x_wconf 89' lang='lat' dir='ltr'>ou</span> <span class='ocrx_word' id='word_1_146' title='bbox 907 1769 1080 1812; x_wconf 82' lang='lat' dir='ltr'>rubans</span> <span class='ocrx_word' id='word_1_147' title='bbox 1101 1783 1187 1812; x_wconf 84' lang='lat' dir='ltr'>au-</span> 
     </span>
     <span class='ocr_line' id='line_1_24' title="bbox 243 1821 1189 1880; baseline -0.004 -12"><span class='ocrx_word' id='word_1_148' title='bbox 243 1833 351 1869; x_wconf 84' lang='lat' dir='ltr'>tour</span> <span class='ocrx_word' id='word_1_149' title='bbox 369 1825 454 1868; x_wconf 88' lang='lat' dir='ltr'>des</span> <span class='ocrx_word' id='word_1_150' title='bbox 464 1823 661 1880; x_wconf 78' lang='lat' dir='ltr'>jamheS,</span> <span class='ocrx_word' id='word_1_151' title='bbox 675 1836 843 1878; x_wconf 75' lang='lat' dir='ltr'>pax-ure</span> <span class='ocrx_word' id='word_1_152' title='bbox 861 1824 945 1865; x_wconf 87' lang='lat' dir='ltr'>des</span> <span class='ocrx_word' id='word_1_153' title='bbox 971 1835 1089 1878; x_wconf 84' lang='lat' dir='ltr'>gens</span> <span class='ocrx_word' id='word_1_154' title='bbox 1116 1821 1189 1865; x_wconf 80' lang='lat' dir='ltr'>ef-</span> 
     </span>
     <span class='ocr_line' id='line_1_25' title="bbox 242 1875 1191 1931; baseline -0.005 -9"><span class='ocrx_word' id='word_1_155' title='bbox 242 1878 456 1922; x_wconf 67' lang='lat' dir='ltr'>femines.</span> <span class='ocrx_word' id='word_1_156' title='bbox 467 1901 519 1908; x_wconf 97' lang='lat'><strong>—</strong></span> <span class='ocrx_word' id='word_1_157' title='bbox 536 1877 732 1924; x_wconf 76' lang='lat' dir='ltr'>Cubical,</span> <span class='ocrx_word' id='word_1_158' title='bbox 750 1876 937 1918; x_wconf 86' lang='lat' dir='ltr'>coussin</span> <span class='ocrx_word' id='word_1_159' title='bbox 950 1888 1069 1931; x_wconf 89' lang='lat' dir='ltr'>pour</span> <span class='ocrx_word' id='word_1_160' title='bbox 1081 1875 1191 1918; x_wconf 85' lang='lat' dir='ltr'>s&#39;ac-</span> 
     </span>
     <span class='ocr_line' id='line_1_26' title="bbox 245 1931 1186 1979; baseline -0.005 -5"><span class='ocrx_word' id='word_1_161' title='bbox 245 1932 433 1974; x_wconf 88' lang='lat' dir='ltr'>eouder.</span> <span class='ocrx_word' id='word_1_162' title='bbox 455 1953 502 1961; x_wconf 92' lang='lat'>-</span> <span class='ocrx_word' id='word_1_163' title='bbox 521 1931 723 1978; x_wconf 73' lang='lat' dir='ltr'>Fac-alia,</span> <span class='ocrx_word' id='word_1_164' title='bbox 749 1935 876 1972; x_wconf 87' lang='lat' dir='ltr'>sorte</span> <span class='ocrx_word' id='word_1_165' title='bbox 905 1931 962 1972; x_wconf 86' lang='lat' dir='ltr'>de</span> <span class='ocrx_word' id='word_1_166' title='bbox 989 1934 1186 1979; x_wconf 83' lang='lat' dir='ltr'>cravate,</span> 
     </span>
     <span class='ocr_line' id='line_1_27' title="bbox 243 1982 1188 2028; baseline -0.005 0"><span class='ocrx_word' id='word_1_167' title='bbox 243 1988 486 2028; x_wconf 83' lang='lat' dir='ltr'>ornement</span> <span class='ocrx_word' id='word_1_168' title='bbox 520 1983 579 2024; x_wconf 91' lang='lat' dir='ltr'>de</span> <span class='ocrx_word' id='word_1_169' title='bbox 613 1994 712 2024; x_wconf 90' lang='lat' dir='ltr'>cou.</span> <span class='ocrx_word' id='word_1_170' title='bbox 742 2005 795 2014; x_wconf 91' lang='lat'><strong>—</strong></span> <span class='ocrx_word' id='word_1_171' title='bbox 821 1984 1009 2024; x_wconf 81' lang='lat' dir='ltr'>Furtim.</span> <span class='ocrx_word' id='word_1_172' title='bbox 1050 1982 1188 2024; x_wconf 79' lang='lat' dir='ltr'>Pole-</span> 
     </span>
     <span class='ocr_line' id='line_1_28' title="bbox 244 2034 1190 2090; baseline -0.005 -9"><span class='ocrx_word' id='word_1_173' title='bbox 244 2050 370 2090; x_wconf 87' lang='lat' dir='ltr'>mon,</span> <span class='ocrx_word' id='word_1_174' title='bbox 385 2049 442 2080; x_wconf 86' lang='lat' dir='ltr'>en</span> <span class='ocrx_word' id='word_1_175' title='bbox 456 2037 671 2079; x_wconf 72' lang='lat' dir='ltr'>eeoutant</span> <span class='ocrx_word' id='word_1_176' title='bbox 688 2034 731 2077; x_wconf 82' lang='lat' dir='ltr'>le</span> <span class='ocrx_word' id='word_1_177' title='bbox 749 2035 928 2089; x_wconf 67' lang='lat' dir='ltr'>mastre,</span> <span class='ocrx_word' id='word_1_178' title='bbox 951 2048 1001 2077; x_wconf 88' lang='lat' dir='ltr'>se</span> <span class='ocrx_word' id='word_1_179' title='bbox 1026 2034 1190 2077; x_wconf 76' lang='lat' dir='ltr'>debar-</span> 
     </span>
     <span class='ocr_line' id='line_1_29' title="bbox 244 2089 1190 2134; baseline -0.004 0"><span class='ocrx_word' id='word_1_180' title='bbox 244 2090 414 2134; x_wconf 82' lang='lat' dir='ltr'>rassait</span> <span class='ocrx_word' id='word_1_181' title='bbox 430 2090 516 2133; x_wconf 87' lang='lat' dir='ltr'>des</span> <span class='ocrx_word' id='word_1_182' title='bbox 529 2101 785 2132; x_wconf 86' lang='lat' dir='ltr'>couronnes</span> <span class='ocrx_word' id='word_1_183' title='bbox 834 2089 910 2130; x_wconf 85' lang='lat' dir='ltr'>u&#39;il</span> <span class='ocrx_word' id='word_1_184' title='bbox 924 2089 1036 2132; x_wconf 63' lang='lat' dir='ltr'>&amp;tait</span> <span class='ocrx_word' id='word_1_185' title='bbox 1051 2089 1092 2131; x_wconf 88' lang='lat' dir='ltr'>si</span> <span class='ocrx_word' id='word_1_186' title='bbox 1110 2089 1190 2130; x_wconf 88' lang='lat' dir='ltr'>in-</span> 
     </span>
     <span class='ocr_line' id='line_1_30' title="bbox 245 2140 1190 2197; baseline -0.005 -10"><span class='ocrx_word' id='word_1_187' title='bbox 245 2149 505 2187; x_wconf 82' lang='lat' dir='ltr'>convenam:</span> <span class='ocrx_word' id='word_1_188' title='bbox 531 2143 590 2185; x_wconf 89' lang='lat' dir='ltr'>de</span> <span class='ocrx_word' id='word_1_189' title='bbox 625 2148 786 2197; x_wconf 87' lang='lat' dir='ltr'>porter</span> <span class='ocrx_word' id='word_1_190' title='bbox 846 2154 929 2184; x_wconf 87' lang='lat' dir='ltr'>ans</span> <span class='ocrx_word' id='word_1_191' title='bbox 958 2155 1020 2183; x_wconf 92' lang='lat' dir='ltr'>un</span> <span class='ocrx_word' id='word_1_192' title='bbox 1042 2140 1190 2197; x_wconf 76' lang='lat' dir='ltr'>pax-eil</span> 
     </span>
     <span class='ocr_line' id='line_1_31' title="bbox 244 2192 1191 2250; baseline -0.005 -10"><span class='ocrx_word' id='word_1_193' title='bbox 244 2198 353 2250; x_wconf 89' lang='lat' dir='ltr'>lieu,</span> <span class='ocrx_word' id='word_1_194' title='bbox 365 2203 412 2239; x_wconf 89' lang='lat' dir='ltr'>et</span> <span class='ocrx_word' id='word_1_195' title='bbox 420 2194 632 2238; x_wconf 73' lang='lat' dir='ltr'>derobait</span> <span class='ocrx_word' id='word_1_196' title='bbox 643 2196 837 2248; x_wconf 78' lang='lat' dir='ltr'>(furtim)</span> <span class='ocrx_word' id='word_1_197' title='bbox 850 2193 892 2237; x_wconf 91' lang='lat' dir='ltr'>le</span> <span class='ocrx_word' id='word_1_198' title='bbox 902 2194 1058 2237; x_wconf 86' lang='lat' dir='ltr'>mieux</span> <span class='ocrx_word' id='word_1_199' title='bbox 1079 2192 1191 2249; x_wconf 88' lang='lat' dir='ltr'>qu’il</span> 
     </span>
     <span class='ocr_line' id='line_1_32' title="bbox 243 2247 1194 2307; baseline -0.006 -13"><span class='ocrx_word' id='word_1_200' title='bbox 243 2249 435 2307; x_wconf 86' lang='lat' dir='ltr'>pouvait</span> <span class='ocrx_word' id='word_1_201' title='bbox 473 2253 594 2291; x_wconf 84' lang='lat' dir='ltr'>cette</span> <span class='ocrx_word' id='word_1_202' title='bbox 634 2247 789 2290; x_wconf 79' lang='lat' dir='ltr'>action</span> <span class='ocrx_word' id='word_1_203' title='bbox 821 2260 912 2289; x_wconf 82' lang='lat' dir='ltr'>aux</span> <span class='ocrx_word' id='word_1_204' title='bbox 979 2259 1070 2289; x_wconf 84' lang='lat' dir='ltr'>eux</span> <span class='ocrx_word' id='word_1_205' title='bbox 1108 2248 1194 2289; x_wconf 85' lang='lat' dir='ltr'>des</span> 
     </span>
     <span class='ocr_line' id='line_1_33' title="bbox 246 2301 1193 2396; baseline -0.005 -50"><span class='ocrx_word' id='word_1_206' title='bbox 246 2302 471 2396; x_wconf 30' lang='lat' dir='ltr'>disciplet?</span> <span class='ocrx_word' id='word_1_207' title='bbox 496 2302 555 2343; x_wconf 87' lang='lat' dir='ltr'>de</span> <span class='ocrx_word' id='word_1_208' title='bbox 571 2301 839 2343; x_wconf 73' lang='lat' dir='ltr'>xenocrate.</span> <span class='ocrx_word' id='word_1_209' title='bbox 858 2323 909 2331; x_wconf 91' lang='lat'>—</span> <span class='ocrx_word' id='word_1_210' title='bbox 969 2306 1193 2354; x_wconf 76' lang='lat' dir='ltr'>arreptus.</span> 
     </span>
     <span class='ocr_line' id='line_1_34' title="bbox 252 2358 480 2399; baseline -0.013 0"><span class='ocrx_word' id='word_1_211' title='bbox 252 2361 297 2399; x_wconf 91' lang='lat' dir='ltr'>V.</span> <span class='ocrx_word' id='word_1_212' title='bbox 318 2369 367 2399; x_wconf 76' lang='lat' dir='ltr'>v.</span> <span class='ocrx_word' id='word_1_213' title='bbox 386 2358 436 2397; x_wconf 76' lang='lat'>22</span> <span class='ocrx_word' id='word_1_214' title='bbox 469 2386 480 2397; x_wconf 96' lang='lat'>.</span> 
     </span>
    </p>

    <p class='ocr_par' dir='ltr' id='par_1_17' title="bbox 244 2406 1196 2516">
     <span class='ocr_line' id='line_1_35' title="bbox 300 2406 1196 2456; baseline -0.006 -6"><span class='ocrx_word' id='word_1_215' title='bbox 300 2411 391 2451; x_wconf 83' lang='lat'>134.</span> <span class='ocrx_word' id='word_1_216' title='bbox 410 2409 596 2456; x_wconf 67' lang='lat' dir='ltr'>caselle,</span> <span class='ocrx_word' id='word_1_217' title='bbox 612 2411 759 2450; x_wconf 86' lang='lat' dir='ltr'>terme</span> <span class='ocrx_word' id='word_1_218' title='bbox 774 2406 833 2449; x_wconf 88' lang='lat' dir='ltr'>de</span> <span class='ocrx_word' id='word_1_219' title='bbox 851 2416 1034 2448; x_wconf 83' lang='lat' dir='ltr'>caresse</span> <span class='ocrx_word' id='word_1_220' title='bbox 1054 2419 1064 2447; x_wconf 70' lang='grc' dir='ltr'><strong><em>ι</em></strong></span> <span class='ocrx_word' id='word_1_221' title='bbox 1087 2416 1196 2446; x_wconf 92' lang='lat' dir='ltr'>mon</span> 
     </span>
     <span class='ocr_line' id='line_1_36' title="bbox 244 2460 506 2516; baseline -0.011 -11"><span class='ocrx_word' id='word_1_222' title='bbox 244 2460 364 2516; x_wconf 82' lang='lat' dir='ltr'>petit</span> <span class='ocrx_word' id='word_1_223' title='bbox 387 2461 506 2503; x_wconf 84' lang='lat' dir='ltr'>chat.</span> 
     </span>
    </p>

    <p class='ocr_par' dir='ltr' id='par_1_18' title="bbox 245 2510 1198 2880">
     <span class='ocr_line' id='line_1_37' title="bbox 298 2510 1190 2564; baseline -0.006 -9"><span class='ocrx_word' id='word_1_224' title='bbox 298 2517 389 2556; x_wconf 86' lang='grc'><strong>135.</strong></span> <span class='ocrx_word' id='word_1_225' title='bbox 407 2517 615 2555; x_wconf 79' lang='lat' dir='ltr'>Amator.</span> <span class='ocrx_word' id='word_1_226' title='bbox 638 2513 681 2551; x_wconf 88' lang='lat' dir='ltr'>V.</span> <span class='ocrx_word' id='word_1_227' title='bbox 700 2524 746 2552; x_wconf 88' lang='lat' dir='ltr'>v.</span> <span class='ocrx_word' id='word_1_228' title='bbox 761 2512 917 2553; x_wconf 80' lang='lat'>249.-</span> <span class='ocrx_word' id='word_1_229' title='bbox 934 2510 1022 2564; x_wconf 71' lang='lat' dir='ltr'>Qut</span> <span class='ocrx_word' id='word_1_230' title='bbox 1034 2510 1190 2551; x_wconf 80' lang='lat' dir='ltr'>distat.</span> 
     </span>
     <span class='ocr_line' id='line_1_38' title="bbox 251 2561 1194 2617; baseline -0.007 -6"><span class='ocrx_word' id='word_1_231' title='bbox 251 2566 495 2611; x_wconf 79' lang='lat' dir='ltr'>Suus-ent.</span> <span class='ocrx_word' id='word_1_232' title='bbox 512 2565 572 2607; x_wconf 84' lang='lat' dir='ltr'>ab</span> <span class='ocrx_word' id='word_1_233' title='bbox 586 2577 634 2605; x_wconf 90' lang='lat' dir='ltr'>eo</span> <span class='ocrx_word' id='word_1_234' title='bbox 658 2576 818 2617; x_wconf 82' lang='lat' dir='ltr'>puero.</span> <span class='ocrx_word' id='word_1_235' title='bbox 850 2562 950 2617; x_wconf 78' lang='lat' dir='ltr'>Qui,</span> <span class='ocrx_word' id='word_1_236' title='bbox 982 2574 1042 2604; x_wconf 89' lang='lat' dir='ltr'>en</span> <span class='ocrx_word' id='word_1_237' title='bbox 1068 2561 1194 2616; x_wconf 85' lang='lat' dir='ltr'>quoi.</span> 
     </span>
     <span class='ocr_line' id='line_1_39' title="bbox 245 2614 1198 2673; baseline -0.006 -11"><span class='ocrx_word' id='word_1_238' title='bbox 245 2641 299 2651; x_wconf 91' lang='lat'>—</span> <span class='ocrx_word' id='word_1_239' title='bbox 329 2620 441 2673; x_wconf 77' lang='lat' dir='ltr'>Agit</span> <span class='ocrx_word' id='word_1_240' title='bbox 476 2620 530 2673; x_wconf 74' lang='lat' dir='ltr'>(it</span> <span class='ocrx_word' id='word_1_241' title='bbox 558 2617 673 2671; x_wconf 85' lang='lat' dir='ltr'>long</span> <span class='ocrx_word' id='word_1_242' title='bbox 704 2629 788 2671; x_wconf 79' lang='lat' dir='ltr'>par</span> <span class='ocrx_word' id='word_1_243' title='bbox 815 2614 1069 2657; x_wconf 79' lang='lat' dir='ltr'>archai&#39;sme</span> <span class='ocrx_word' id='word_1_244' title='bbox 1096 2620 1142 2657; x_wconf 90' lang='lat' dir='ltr'>et</span> <span class='ocrx_word' id='word_1_245' title='bbox 1170 2615 1198 2656; x_wconf 63' lang='lat' dir='ltr'>a</span> 
     </span>
     <span class='ocr_line' id='line_1_40' title="bbox 247 2664 1197 2724; baseline -0.007 -10"><span class='ocrx_word' id='word_1_246' title='bbox 247 2684 384 2714; x_wconf 82' lang='lat' dir='ltr'>cause</span> <span class='ocrx_word' id='word_1_247' title='bbox 403 2672 466 2713; x_wconf 92' lang='lat' dir='ltr'>du</span> <span class='ocrx_word' id='word_1_248' title='bbox 482 2676 638 2724; x_wconf 86' lang='lat' dir='ltr'>temps</span> <span class='ocrx_word' id='word_1_249' title='bbox 656 2669 782 2721; x_wconf 81' lang='lat' dir='ltr'>fort),</span> <span class='ocrx_word' id='word_1_250' title='bbox 811 2664 1030 2710; x_wconf 74' lang='lat' dir='ltr'>delibere-</span> <span class='ocrx_word' id='word_1_251' title='bbox 1054 2690 1106 2697; x_wconf 90' lang='lat'>—</span> <span class='ocrx_word' id='word_1_252' title='bbox 1123 2669 1197 2708; x_wconf 80' lang='lat' dir='ltr'>An</span> 
     </span>
     <span class='ocr_line' id='line_1_41' title="bbox 247 2721 1196 2815; baseline -0.006 -49"><span class='ocrx_word' id='word_1_253' title='bbox 247 2736 351 2766; x_wconf 80' lang='lat' dir='ltr'>non.</span> <span class='ocrx_word' id='word_1_254' title='bbox 370 2727 455 2765; x_wconf 81' lang='lat' dir='ltr'>Eat</span> <span class='ocrx_word' id='word_1_255' title='bbox 475 2724 561 2775; x_wconf 89' lang='lat' dir='ltr'>(ne)</span> <span class='ocrx_word' id='word_1_256' title='bbox 591 2734 655 2764; x_wconf 83' lang='lat' dir='ltr'>an</span> <span class='ocrx_word' id='word_1_257' title='bbox 680 2734 771 2762; x_wconf 82' lang='lat' dir='ltr'>non</span> <span class='ocrx_word' id='word_1_258' title='bbox 792 2721 920 2815; x_wconf 42' lang='lat' dir='ltr'>¹fleat),</span> <span class='ocrx_word' id='word_1_259' title='bbox 953 2721 1089 2774; x_wconf 84' lang='lat' dir='ltr'>(nunc</span> <span class='ocrx_word' id='word_1_260' title='bbox 1116 2732 1196 2761; x_wconf 86' lang='lat' dir='ltr'>ar-</span> 
     </span>
     <span class='ocr_line' id='line_1_42' title="bbox 248 2773 1196 2829; baseline -0.005 -10"><span class='ocrx_word' id='word_1_261' title='bbox 248 2776 462 2826; x_wconf 86' lang='lat' dir='ltr'>cessitus)</span> <span class='ocrx_word' id='word_1_262' title='bbox 483 2789 571 2829; x_wconf 82' lang='lat' dir='ltr'>quo</span> <span class='ocrx_word' id='word_1_263' title='bbox 593 2774 719 2826; x_wconf 81' lang='lat' dir='ltr'>(chez</span> <span class='ocrx_word' id='word_1_264' title='bbox 740 2788 790 2816; x_wconf 88' lang='lat' dir='ltr'>ce</span> <span class='ocrx_word' id='word_1_265' title='bbox 830 2787 855 2816; x_wconf 89' lang='lat' dir='ltr'>e</span> <span class='ocrx_word' id='word_1_266' title='bbox 872 2786 981 2817; x_wconf 82' lang='lat' dir='ltr'>vers</span> <span class='ocrx_word' id='word_1_267' title='bbox 1000 2773 1095 2827; x_wconf 88' lang='lat' dir='ltr'>qui)</span> <span class='ocrx_word' id='word_1_268' title='bbox 1116 2785 1196 2814; x_wconf 78' lang='lat' dir='ltr'>re-</span> 
     </span>
     <span class='ocr_line' id='line_1_43' title="bbox 248 2828 1111 2880; baseline -0.006 -9"><span class='ocrx_word' id='word_1_269' title='bbox 248 2830 428 2871; x_wconf 72' lang='lat' dir='ltr'>diturus</span> <span class='ocrx_word' id='word_1_270' title='bbox 444 2834 546 2870; x_wconf 78' lang='lat' dir='ltr'>erat</span> <span class='ocrx_word' id='word_1_271' title='bbox 559 2828 726 2880; x_wconf 87' lang='lat' dir='ltr'>(modo)</span> <span class='ocrx_word' id='word_1_272' title='bbox 745 2839 838 2869; x_wconf 81' lang='lat' dir='ltr'>non</span> <span class='ocrx_word' id='word_1_273' title='bbox 855 2828 1111 2869; x_wconf 79' lang='lat' dir='ltr'>arcessitus.</span> 
     </span>
    </p>

    <p class='ocr_par' dir='ltr' id='par_1_19' title="bbox 247 2879 1197 3250">
     <span class='ocr_line' id='line_1_44' title="bbox 302 2879 1196 2933; baseline -0.006 -11"><span class='ocrx_word' id='word_1_274' title='bbox 302 2883 391 2922; x_wconf 84' lang='grc'><strong>136.</strong></span> <span class='ocrx_word' id='word_1_275' title='bbox 424 2883 488 2922; x_wconf 85' lang='lat' dir='ltr'>Ne</span> <span class='ocrx_word' id='word_1_276' title='bbox 505 2891 639 2928; x_wconf 80' lang='lat' dir='ltr'>nunc,</span> <span class='ocrx_word' id='word_1_277' title='bbox 661 2885 748 2921; x_wconf 88' lang='lat' dir='ltr'>etc.</span> <span class='ocrx_word' id='word_1_278' title='bbox 769 2880 1011 2933; x_wconf 85' lang='lat' dir='ltr'>Beaucoup</span> <span class='ocrx_word' id='word_1_279' title='bbox 1027 2879 1086 2920; x_wconf 86' lang='lat' dir='ltr'>de</span> <span class='ocrx_word' id='word_1_280' title='bbox 1104 2889 1196 2918; x_wconf 88' lang='lat' dir='ltr'>ma-</span> 
     </span>
     <span class='ocr_line' id='line_1_45' title="bbox 247 2929 1195 2988; baseline -0.004 -13"><span class='ocrx_word' id='word_1_281' title='bbox 247 2932 454 2976; x_wconf 87' lang='lat' dir='ltr'>nuscrits</span> <span class='ocrx_word' id='word_1_282' title='bbox 484 2936 674 2988; x_wconf 83' lang='lat' dir='ltr'>portent</span> <span class='ocrx_word' id='word_1_283' title='bbox 700 2944 780 2974; x_wconf 83' lang='lat' dir='ltr'>nec</span> <span class='ocrx_word' id='word_1_284' title='bbox 814 2944 947 2975; x_wconf 79' lang='lat' dir='ltr'>nunc.</span> <span class='ocrx_word' id='word_1_285' title='bbox 991 2931 1114 2975; x_wconf 86' lang='lat' dir='ltr'>C’est</span> <span class='ocrx_word' id='word_1_286' title='bbox 1150 2929 1195 2971; x_wconf 87' lang='lat' dir='ltr'>le</span> 
     </span>
     <span class='ocr_line' id='line_1_46' title="bbox 248 2983 1196 3037; baseline -0.003 -9"><span class='ocrx_word' id='word_1_287' title='bbox 248 2988 399 3028; x_wconf 70' lang='lat' dir='ltr'>meme</span> <span class='ocrx_word' id='word_1_288' title='bbox 416 2998 525 3028; x_wconf 79' lang='lat' dir='ltr'>sens</span> <span class='ocrx_word' id='word_1_289' title='bbox 544 2999 556 3027; x_wconf 88' lang='lat'>:</span> <span class='ocrx_word' id='word_1_290' title='bbox 579 2997 629 3027; x_wconf 89' lang='lat' dir='ltr'>ce</span> <span class='ocrx_word' id='word_1_291' title='bbox 647 2997 728 3026; x_wconf 82' lang='lat' dir='ltr'>nec</span> <span class='ocrx_word' id='word_1_292' title='bbox 740 2983 828 3027; x_wconf 87' lang='lat' dir='ltr'>ale</span> <span class='ocrx_word' id='word_1_293' title='bbox 847 2996 973 3037; x_wconf 87' lang='lat' dir='ltr'>sens,</span> <span class='ocrx_word' id='word_1_294' title='bbox 1036 2983 1081 3025; x_wconf 90' lang='lat' dir='ltr'>ui</span> <span class='ocrx_word' id='word_1_295' title='bbox 1108 2983 1196 3025; x_wconf 89' lang='lat' dir='ltr'>de-</span> 
     </span>
     <span class='ocr_line' id='line_1_47' title="bbox 247 3033 1191 3093; baseline -0.003 -13"><span class='ocrx_word' id='word_1_296' title='bbox 247 3039 352 3080; x_wconf 80' lang='lat' dir='ltr'>vint</span> <span class='ocrx_word' id='word_1_297' title='bbox 371 3038 478 3093; x_wconf 82' lang='lat' dir='ltr'>plus</span> <span class='ocrx_word' id='word_1_298' title='bbox 506 3037 613 3081; x_wconf 86' lang='lat' dir='ltr'>tard</span> <span class='ocrx_word' id='word_1_299' title='bbox 628 3033 728 3079; x_wconf 75' lang='lat' dir='ltr'>tres</span> <span class='ocrx_word' id='word_1_300' title='bbox 750 3036 979 3091; x_wconf 72' lang='lat' dir='ltr'>frequent,</span> <span class='ocrx_word' id='word_1_301' title='bbox 1040 3050 1065 3078; x_wconf 87' lang='lat' dir='ltr'>e</span> <span class='ocrx_word' id='word_1_302' title='bbox 1088 3048 1191 3078; x_wconf 85' lang='lat' dir='ltr'>ne...</span> 
     </span>
     <span class='ocr_line' id='line_1_48' title="bbox 249 3088 1195 3147; baseline -0.004 -14"><span class='ocrx_word' id='word_1_303' title='bbox 249 3093 447 3147; x_wconf 80' lang='lat' dir='ltr'>quidem.</span> <span class='ocrx_word' id='word_1_304' title='bbox 468 3093 532 3132; x_wconf 85' lang='lat' dir='ltr'>Ne</span> <span class='ocrx_word' id='word_1_305' title='bbox 559 3088 672 3132; x_wconf 82' lang='lat' dir='ltr'>s&#39;est</span> <span class='ocrx_word' id='word_1_306' title='bbox 698 3089 1067 3143; x_wconf 69' lang='lat' dir='ltr'>primitivement</span> <span class='ocrx_word' id='word_1_307' title='bbox 1091 3100 1195 3131; x_wconf 86' lang='lat' dir='ltr'>em-</span> 
     </span>
     <span class='ocr_line' id='line_1_49' title="bbox 249 3141 1196 3206; baseline -0.006 -19"><span class='ocrx_word' id='word_1_308' title='bbox 249 3144 388 3200; x_wconf 77' lang='lat' dir='ltr'>ploye</span> <span class='ocrx_word' id='word_1_309' title='bbox 407 3156 517 3186; x_wconf 85' lang='lat' dir='ltr'>avec</span> <span class='ocrx_word' id='word_1_310' title='bbox 544 3141 710 3206; x_wconf 78' lang='lat' dir='ltr'>ellipse</span> <span class='ocrx_word' id='word_1_311' title='bbox 731 3141 789 3184; x_wconf 86' lang='lat' dir='ltr'>de</span> <span class='ocrx_word' id='word_1_312' title='bbox 815 3143 1011 3197; x_wconf 78' lang='lat' dir='ltr'>quidem.</span> <span class='ocrx_word' id='word_1_313' title='bbox 1040 3143 1196 3195; x_wconf 76' lang='lat' dir='ltr'>operoe</span> 
     </span>
     <span class='ocr_line' id='line_1_50' title="bbox 249 3194 1197 3250; baseline -0.004 -11"><span class='ocrx_word' id='word_1_314' title='bbox 249 3209 305 3239; x_wconf 85' lang='lat' dir='ltr'>ne</span> <span class='ocrx_word' id='word_1_315' title='bbox 329 3202 560 3250; x_wconf 51' lang='lat' dir='ltr'>parcan&amp;</span> <span class='ocrx_word' id='word_1_316' title='bbox 593 3194 774 3248; x_wconf 66' lang='lat' dir='ltr'>Sabique</span> <span class='ocrx_word' id='word_1_317' title='bbox 805 3202 888 3236; x_wconf 77' lang='lat' dir='ltr'>aut</span> <span class='ocrx_word' id='word_1_318' title='bbox 915 3196 1119 3236; x_wconf 73' lang='lat' dir='ltr'>materiae</span> <span class='ocrx_word' id='word_1_319' title='bbox 1141 3206 1197 3235; x_wconf 83' lang='lat' dir='ltr'>ne</span> 
     </span>
    </p>

    <p class='ocr_par' dir='ltr' id='par_1_20' title="bbox 283 3247 1197 3296">
     <span class='ocr_line' id='line_1_51' title="bbox 283 3247 1197 3296; baseline -0.003 -5"><span class='ocrx_word' id='word_1_320' title='bbox 283 3257 449 3291; x_wconf 78' lang='lat' dir='ltr'>arcum</span> <span class='ocrx_word' id='word_1_321' title='bbox 458 3251 550 3296; x_wconf 81' lang='lat' dir='ltr'>;Eo</span> <span class='ocrx_word' id='word_1_322' title='bbox 565 3260 621 3289; x_wconf 86' lang='lat' dir='ltr'>ne</span> <span class='ocrx_word' id='word_1_323' title='bbox 642 3248 791 3288; x_wconf 84' lang='lat' dir='ltr'>multa</span> <span class='ocrx_word' id='word_1_324' title='bbox 809 3248 1056 3293; x_wconf 81' lang='lat' dir='ltr'>inveniunt,</span> <span class='ocrx_word' id='word_1_325' title='bbox 1080 3247 1197 3288; x_wconf 86' lang='lat' dir='ltr'>dans</span> 
     </span>
    </p>

    <p class='ocr_par' dir='ltr' id='par_1_21' title="bbox 249 3298 1200 3614">
     <span class='ocr_line' id='line_1_52' title="bbox 288 3298 1199 3345; baseline -0.004 -1"><span class='ocrx_word' id='word_1_326' title='bbox 288 3302 423 3345; x_wconf 86' lang='lat' dir='ltr'>laute.</span> <span class='ocrx_word' id='word_1_327' title='bbox 448 3300 701 3344; x_wconf 83' lang='lat' dir='ltr'>Columella</span> <span class='ocrx_word' id='word_1_328' title='bbox 719 3298 865 3340; x_wconf 82' lang='lat' dir='ltr'>tribus</span> <span class='ocrx_word' id='word_1_329' title='bbox 876 3299 1040 3340; x_wconf 76' lang='lat' dir='ltr'>cubitis</span> <span class='ocrx_word' id='word_1_330' title='bbox 1055 3311 1110 3340; x_wconf 86' lang='lat' dir='ltr'>ne</span> <span class='ocrx_word' id='word_1_331' title='bbox 1130 3300 1199 3340; x_wconf 87' lang='lat' dir='ltr'>al·</span> 
     </span>
     <span class='ocr_line' id='line_1_53' title="bbox 250 3350 1198 3405; baseline -0.006 -6"><span class='ocrx_word' id='word_1_332' title='bbox 250 3356 358 3405; x_wconf 67' lang='lat' dir='ltr'>tior,</span> <span class='ocrx_word' id='word_1_333' title='bbox 389 3356 506 3397; x_wconf 90' lang='lat' dir='ltr'>dans</span> <span class='ocrx_word' id='word_1_334' title='bbox 535 3352 739 3396; x_wconf 70' lang='lat' dir='ltr'>Ciceron.</span> <span class='ocrx_word' id='word_1_335' title='bbox 764 3351 1006 3393; x_wconf 75' lang='lat' dir='ltr'>Tereneea</span> <span class='ocrx_word' id='word_1_336' title='bbox 1033 3350 1123 3394; x_wconf 87' lang='lat' dir='ltr'>mis</span> <span class='ocrx_word' id='word_1_337' title='bbox 1142 3363 1198 3393; x_wconf 87' lang='lat' dir='ltr'>ne</span> 
     </span>
     <span class='ocr_line' id='line_1_54' title="bbox 249 3403 1198 3462; baseline -0.006 -11"><span class='ocrx_word' id='word_1_338' title='bbox 249 3420 372 3451; x_wconf 82' lang='lat' dir='ltr'>nunc</span> <span class='ocrx_word' id='word_1_339' title='bbox 404 3408 585 3462; x_wconf 81' lang='lat' dir='ltr'>quidem</span> <span class='ocrx_word' id='word_1_340' title='bbox 612 3406 729 3447; x_wconf 83' lang='lat' dir='ltr'>dans</span> <span class='ocrx_word' id='word_1_341' title='bbox 754 3403 798 3446; x_wconf 84' lang='lat' dir='ltr'>le</span> <span class='ocrx_word' id='word_1_342' title='bbox 825 3415 1024 3459; x_wconf 81' lang='lat' dir='ltr'>passage</span> <span class='ocrx_word' id='word_1_343' title='bbox 1068 3416 1198 3446; x_wconf 88' lang='lat' dir='ltr'>com-</span> 
     </span>
     <span class='ocr_line' id='line_1_55' title="bbox 249 3455 1199 3511; baseline -0.007 -7"><span class='ocrx_word' id='word_1_344' title='bbox 249 3465 541 3504; x_wconf 87' lang='lat' dir='ltr'>meneement</span> <span class='ocrx_word' id='word_1_345' title='bbox 561 3458 619 3500; x_wconf 89' lang='lat' dir='ltr'>de</span> <span class='ocrx_word' id='word_1_346' title='bbox 633 3455 898 3511; x_wconf 80' lang='lat' dir='ltr'>l’Eunuque)</span> <span class='ocrx_word' id='word_1_347' title='bbox 914 3468 1059 3509; x_wconf 86' lang='lat' dir='ltr'>auque</span> <span class='ocrx_word' id='word_1_348' title='bbox 1099 3457 1199 3498; x_wconf 85' lang='lat' dir='ltr'>Ho-</span> 
     </span>
     <span class='ocr_line' id='line_1_56' title="bbox 250 3508 1200 3565; baseline -0.007 -8"><span class='ocrx_word' id='word_1_349' title='bbox 250 3527 356 3557; x_wconf 80' lang='lat' dir='ltr'>race</span> <span class='ocrx_word' id='word_1_350' title='bbox 366 3513 450 3556; x_wconf 83' lang='lat' dir='ltr'>fait</span> <span class='ocrx_word' id='word_1_351' title='bbox 460 3511 520 3554; x_wconf 91' lang='lat' dir='ltr'>ici</span> <span class='ocrx_word' id='word_1_352' title='bbox 538 3509 739 3553; x_wconf 83' lang='lat' dir='ltr'>allusion</span> <span class='ocrx_word' id='word_1_353' title='bbox 756 3515 804 3552; x_wconf 88' lang='lat' dir='ltr'>et</span> <span class='ocrx_word' id='word_1_354' title='bbox 823 3508 903 3565; x_wconf 86' lang='lat' dir='ltr'>qui</span> <span class='ocrx_word' id='word_1_355' title='bbox 919 3514 993 3551; x_wconf 89' lang='lat' dir='ltr'>est</span> <span class='ocrx_word' id='word_1_356' title='bbox 1007 3520 1095 3551; x_wconf 87' lang='lat' dir='ltr'>une</span> <span class='ocrx_word' id='word_1_357' title='bbox 1109 3515 1200 3551; x_wconf 79' lang='lat' dir='ltr'>tra·</span> 
     </span>
     <span class='ocr_line' id='line_1_57' title="bbox 251 3560 1200 3614; baseline -0.008 -4"><span class='ocrx_word' id='word_1_358' title='bbox 251 3565 444 3610; x_wconf 77' lang='lat' dir='ltr'>duction</span> <span class='ocrx_word' id='word_1_359' title='bbox 469 3565 528 3608; x_wconf 83' lang='lat' dir='ltr'>de</span> <span class='ocrx_word' id='word_1_360' title='bbox 561 3562 825 3607; x_wconf 63' lang='lat' dir='ltr'>menandro.</span> <span class='ocrx_word' id='word_1_361' title='bbox 857 3560 1072 3614; x_wconf 71' lang='lat' dir='ltr'>Phedria,</span> <span class='ocrx_word' id='word_1_362' title='bbox 1101 3562 1128 3603; x_wconf 70' lang='grc' dir='ltr'>ὲ</span> <span class='ocrx_word' id='word_1_363' title='bbox 1155 3561 1200 3603; x_wconf 87' lang='lat' dir='ltr'>la</span> 
     </span>
    </p>
   </div>
   <div class='ocr_carea' id='block_1_14' title="bbox 1242 1771 2196 1930">
    <p class='ocr_par' dir='ltr' id='par_1_22' title="bbox 1242 1771 2196 1930">
     <span class='ocr_line' id='line_1_58' title="bbox 1245 1771 2195 1827; baseline 0.001 -14"><span class='ocrx_word' id='word_1_364' title='bbox 1245 1777 1382 1827; x_wconf 85' lang='lat' dir='ltr'>porte</span> <span class='ocrx_word' id='word_1_365' title='bbox 1396 1772 1455 1814; x_wconf 88' lang='lat' dir='ltr'>de</span> <span class='ocrx_word' id='word_1_366' title='bbox 1470 1771 1626 1820; x_wconf 82' lang='lat' dir='ltr'>Thai&#39;s,</span> <span class='ocrx_word' id='word_1_367' title='bbox 1650 1771 1722 1814; x_wconf 85' lang='lat' dir='ltr'>dit</span> <span class='ocrx_word' id='word_1_368' title='bbox 1740 1787 1750 1814; x_wconf 70' lang='grc' dir='ltr'>ε</span> <span class='ocrx_word' id='word_1_369' title='bbox 1769 1779 1873 1824; x_wconf 81' lang='lat' dir='ltr'>Quid</span> <span class='ocrx_word' id='word_1_370' title='bbox 1887 1778 2012 1825; x_wconf 78' lang='lat' dir='ltr'>igitur</span> <span class='ocrx_word' id='word_1_371' title='bbox 2022 1778 2167 1815; x_wconf 72' lang='lat' dir='ltr'>saetam</span> <span class='ocrx_word' id='word_1_372' title='bbox 2177 1778 2195 1814; x_wconf 76' lang='lat'>‘2</span> 
     </span>
     <span class='ocr_line' id='line_1_59' title="bbox 1246 1831 2196 1880; baseline 0 -12"><span class='ocrx_word' id='word_1_373' title='bbox 1246 1840 1328 1870; x_wconf 83' lang='lat' dir='ltr'>non</span> <span class='ocrx_word' id='word_1_374' title='bbox 1342 1831 1463 1869; x_wconf 79' lang='lat' dir='ltr'>eam?</span> <span class='ocrx_word' id='word_1_375' title='bbox 1490 1841 1542 1869; x_wconf 85' lang='lat' dir='ltr'>ne</span> <span class='ocrx_word' id='word_1_376' title='bbox 1562 1842 1667 1869; x_wconf 85' lang='lat' dir='ltr'>nuuc</span> <span class='ocrx_word' id='word_1_377' title='bbox 1684 1831 1863 1880; x_wconf 81' lang='lat' dir='ltr'>quidem,</span> <span class='ocrx_word' id='word_1_378' title='bbox 1890 1831 1989 1869; x_wconf 87' lang='lat' dir='ltr'>Cum</span> <span class='ocrx_word' id='word_1_379' title='bbox 2010 1840 2196 1869; x_wconf 79' lang='lat' dir='ltr'>accersor</span> 
     </span>
     <span class='ocr_line' id='line_1_60' title="bbox 1242 1877 2009 1930; baseline -0.005 -9"><span class='ocrx_word' id='word_1_380' title='bbox 1242 1884 1379 1923; x_wconf 76' lang='lat' dir='ltr'>ultro?</span> <span class='ocrx_word' id='word_1_381' title='bbox 1397 1882 1485 1919; x_wconf 86' lang='lat' dir='ltr'>ete.</span> <span class='ocrx_word' id='word_1_382' title='bbox 1506 1900 1559 1908; x_wconf 91' lang='lat'><em>-</em></span> <span class='ocrx_word' id='word_1_383' title='bbox 1586 1878 1648 1927; x_wconf 79' lang='lat' dir='ltr'>Si,</span> <span class='ocrx_word' id='word_1_384' title='bbox 1669 1877 1825 1930; x_wconf 85' lang='lat' dir='ltr'>quand</span> <span class='ocrx_word' id='word_1_385' title='bbox 1844 1878 2009 1918; x_wconf 74' lang='lat' dir='ltr'>meme.</span> 
     </span>
    </p>
   </div>
   <div class='ocr_carea' id='block_1_15' title="bbox 1243 1934 2196 2045">
    <p class='ocr_par' dir='ltr' id='par_1_23' title="bbox 1243 1934 2196 2045">
     <span class='ocr_line' id='line_1_61' title="bbox 1296 1934 2196 1985; baseline -0.001 -7"><span class='ocrx_word' id='word_1_386' title='bbox 1296 1939 1391 1979; x_wconf 82' lang='grc'><strong>137.</strong></span> <span class='ocrx_word' id='word_1_387' title='bbox 1417 1940 1589 1985; x_wconf 78' lang='lat' dir='ltr'>Servus,</span> <span class='ocrx_word' id='word_1_388' title='bbox 1620 1937 1893 1980; x_wconf 70' lang='lat' dir='ltr'>Par-menon.</span> <span class='ocrx_word' id='word_1_389' title='bbox 1918 1940 1965 1979; x_wconf 91' lang='lat' dir='ltr'>V.</span> <span class='ocrx_word' id='word_1_390' title='bbox 1985 1948 2072 1978; x_wconf 90' lang='lat' dir='ltr'>son</span> <span class='ocrx_word' id='word_1_391' title='bbox 2092 1934 2196 1978; x_wconf 88' lang='lat' dir='ltr'>dis-</span> 
     </span>
     <span class='ocr_line' id='line_1_62' title="bbox 1243 1990 2190 2045; baseline -0.002 -14"><span class='ocrx_word' id='word_1_392' title='bbox 1243 2001 1381 2033; x_wconf 87' lang='lat' dir='ltr'>cours</span> <span class='ocrx_word' id='word_1_393' title='bbox 1414 1990 1531 2032; x_wconf 88' lang='lat' dir='ltr'>dans</span> <span class='ocrx_word' id='word_1_394' title='bbox 1558 1991 1779 2044; x_wconf 70' lang='lat' dir='ltr'>Terence,</span> <span class='ocrx_word' id='word_1_395' title='bbox 1805 1991 1955 2032; x_wconf 63' lang='lat' dir='ltr'>meme</span> <span class='ocrx_word' id='word_1_396' title='bbox 1979 2000 2190 2045; x_wconf 83' lang='lat' dir='ltr'>passage.</span> 
     </span>
    </p>
   </div>
   <div class='ocr_carea' id='block_1_16' title="bbox 1245 2050 2197 2202">
    <p class='ocr_par' dir='ltr' id='par_1_24' title="bbox 1245 2050 2197 2202">
     <span class='ocr_line' id='line_1_63' title="bbox 1298 2050 2192 2147; baseline -0.003 -53"><span class='ocrx_word' id='word_1_397' title='bbox 1298 2053 1393 2094; x_wconf 84' lang='lat'>138.</span> <span class='ocrx_word' id='word_1_398' title='bbox 1402 2053 1517 2147; x_wconf 47' lang='grc' dir='ltr'>ξηαπ</span> <span class='ocrx_word' id='word_1_399' title='bbox 1535 2064 1607 2094; x_wconf 83' lang='lat' dir='ltr'>res</span> <span class='ocrx_word' id='word_1_400' title='bbox 1622 2068 1677 2089; x_wconf 91' lang='lat'><strong><em>=</em></strong></span> <span class='ocrx_word' id='word_1_401' title='bbox 1695 2064 1751 2094; x_wconf 85' lang='lat' dir='ltr'>ea</span> <span class='ocrx_word' id='word_1_402' title='bbox 1766 2063 1839 2093; x_wconf 81' lang='lat' dir='ltr'>res</span> <span class='ocrx_word' id='word_1_403' title='bbox 1852 2062 1967 2106; x_wconf 78' lang='lat' dir='ltr'>quae.</span> <span class='ocrx_word' id='word_1_404' title='bbox 1983 2073 2034 2081; x_wconf 95' lang='lat'>—</span> <span class='ocrx_word' id='word_1_405' title='bbox 2048 2050 2192 2093; x_wconf 80' lang='lat' dir='ltr'>Mala.</span> 
     </span>
     <span class='ocr_line' id='line_1_64' title="bbox 1245 2103 2197 2157; baseline -0.002 -10"><span class='ocrx_word' id='word_1_406' title='bbox 1245 2105 1372 2148; x_wconf 85' lang='lat' dir='ltr'>Dans</span> <span class='ocrx_word' id='word_1_407' title='bbox 1445 2106 1621 2157; x_wconf 74' lang='lat' dir='ltr'>eremo,</span> <span class='ocrx_word' id='word_1_408' title='bbox 1654 2107 1778 2153; x_wconf 77' lang='lat' dir='ltr'>vitia,</span> <span class='ocrx_word' id='word_1_409' title='bbox 1816 2104 1886 2147; x_wconf 86' lang='lat' dir='ltr'>les</span> <span class='ocrx_word' id='word_1_410' title='bbox 1918 2103 2098 2157; x_wconf 76' lang='lat' dir='ltr'>ennuiS,</span> <span class='ocrx_word' id='word_1_411' title='bbox 2125 2103 2197 2145; x_wconf 87' lang='lat' dir='ltr'>les</span> 
     </span>
     <span class='ocr_line' id='line_1_65' title="bbox 1245 2158 1564 2202; baseline -0.003 0"><span class='ocrx_word' id='word_1_412' title='bbox 1245 2158 1564 2202; x_wconf 83' lang='lat' dir='ltr'>vicissitudes.</span> 
     </span>
    </p>
   </div>
   <div class='ocr_carea' id='block_1_17' title="bbox 1247 2218 2203 3072">
    <p class='ocr_par' dir='ltr' id='par_1_25' title="bbox 1247 2218 2198 2377">
     <span class='ocr_line' id='line_1_66' title="bbox 1299 2218 2198 2273; baseline 0 -14"><span class='ocrx_word' id='word_1_413' title='bbox 1299 2222 1393 2259; x_wconf 82' lang='grc'><strong>139.</strong></span> <span class='ocrx_word' id='word_1_414' title='bbox 1421 2220 1642 2273; x_wconf 79' lang='lat' dir='ltr'>Explicet,</span> <span class='ocrx_word' id='word_1_415' title='bbox 1671 2230 1848 2259; x_wconf 85' lang='lat' dir='ltr'>comme</span> <span class='ocrx_word' id='word_1_416' title='bbox 1874 2218 2106 2271; x_wconf 81' lang='lat' dir='ltr'>expediat,</span> <span class='ocrx_word' id='word_1_417' title='bbox 2133 2222 2198 2269; x_wconf 89' lang='lat' dir='ltr'>et,</span> 
     </span>
     <span class='ocr_line' id='line_1_67' title="bbox 1281 2271 2197 2325; baseline -0.001 -12"><span class='ocrx_word' id='word_1_418' title='bbox 1281 2284 1332 2313; x_wconf 87' lang='lat' dir='ltr'>ar</span> <span class='ocrx_word' id='word_1_419' title='bbox 1351 2271 1612 2323; x_wconf 81' lang='lat' dir='ltr'>extension‚</span> <span class='ocrx_word' id='word_1_420' title='bbox 1623 2272 1856 2325; x_wconf 75' lang='lat' dir='ltr'>proficiat.</span> <span class='ocrx_word' id='word_1_421' title='bbox 1868 2293 1920 2303; x_wconf 93' lang='lat'>—</span> <span class='ocrx_word' id='word_1_422' title='bbox 1933 2272 2043 2313; x_wconf 82' lang='lat' dir='ltr'>Plus</span> <span class='ocrx_word' id='word_1_423' title='bbox 2057 2283 2127 2319; x_wconf 78' lang='lat' dir='ltr'>ac.</span> <span class='ocrx_word' id='word_1_424' title='bbox 2149 2275 2197 2313; x_wconf 91' lang='lat' dir='ltr'>V.</span> 
     </span>
     <span class='ocr_line' id='line_1_68' title="bbox 1247 2284 1863 2377; baseline 0.002 -11"><span class='ocrx_word' id='word_1_425' title='bbox 1247 2284 1347 2369; x_wconf 57' lang='lat' dir='ltr'>gat.</span> <span class='ocrx_word' id='word_1_426' title='bbox 1367 2325 1403 2377; x_wconf 90' lang='grc' dir='ltr'>Ι,</span> <span class='ocrx_word' id='word_1_427' title='bbox 1427 2335 1460 2376; x_wconf 90' lang='lat'>1,</span> <span class='ocrx_word' id='word_1_428' title='bbox 1478 2327 1530 2365; x_wconf 83' lang='grc'>46</span> <span class='ocrx_word' id='word_1_429' title='bbox 1539 2339 1554 2376; x_wconf 79' lang='lat'>3</span> <span class='ocrx_word' id='word_1_430' title='bbox 1576 2335 1639 2375; x_wconf 72' lang='lat' dir='ltr'>w,</span> <span class='ocrx_word' id='word_1_431' title='bbox 1659 2327 1752 2377; x_wconf 84' lang='grc'><strong>130,</strong></span> <span class='ocrx_word' id='word_1_432' title='bbox 1773 2329 1863 2367; x_wconf 85' lang='lat' dir='ltr'>ete.</span> 
     </span>
    </p>

    <p class='ocr_par' dir='ltr' id='par_1_26' title="bbox 1248 2382 2203 3072">
     <span class='ocr_line' id='line_1_69' title="bbox 1302 2382 2199 2437; baseline -0.003 -10"><span class='ocrx_word' id='word_1_433' title='bbox 1302 2388 1396 2428; x_wconf 82' lang='lat'>140.</span> <span class='ocrx_word' id='word_1_434' title='bbox 1414 2386 1592 2427; x_wconf 82' lang='lat' dir='ltr'>Picenis</span> <span class='ocrx_word' id='word_1_435' title='bbox 1598 2385 1765 2437; x_wconf 79' lang='lat' dir='ltr'>pomis.</span> <span class='ocrx_word' id='word_1_436' title='bbox 1785 2384 1874 2425; x_wconf 88' lang='lat' dir='ltr'>Les</span> <span class='ocrx_word' id='word_1_437' title='bbox 1888 2383 2026 2426; x_wconf 83' lang='lat' dir='ltr'>fruits</span> <span class='ocrx_word' id='word_1_438' title='bbox 2040 2384 2101 2426; x_wconf 88' lang='lat' dir='ltr'>du</span> <span class='ocrx_word' id='word_1_439' title='bbox 2117 2382 2199 2424; x_wconf 89' lang='lat' dir='ltr'>Pi-</span> 
     </span>
     <span class='ocr_line' id='line_1_70' title="bbox 1249 2435 2199 2482; baseline -0.003 -2"><span class='ocrx_word' id='word_1_440' title='bbox 1249 2450 1414 2482; x_wconf 87' lang='lat' dir='ltr'>cenum</span> <span class='ocrx_word' id='word_1_441' title='bbox 1449 2436 1621 2481; x_wconf 66' lang='lat' dir='ltr'>etaient</span> <span class='ocrx_word' id='word_1_442' title='bbox 1657 2437 1934 2479; x_wconf 76' lang='lat' dir='ltr'>renommes.</span> <span class='ocrx_word' id='word_1_443' title='bbox 1974 2439 2021 2478; x_wconf 90' lang='lat' dir='ltr'>V.</span> <span class='ocrx_word' id='word_1_444' title='bbox 2058 2435 2199 2477; x_wconf 87' lang='lat' dir='ltr'>satire</span> 
     </span>
     <span class='ocr_line' id='line_1_71' title="bbox 1250 2489 2197 2542; baseline -0.002 -10"><span class='ocrx_word' id='word_1_445' title='bbox 1250 2490 1478 2542; x_wconf 62' lang='lat' dir='ltr'>suh-ante,</span> <span class='ocrx_word' id='word_1_446' title='bbox 1500 2503 1547 2531; x_wconf 84' lang='lat' dir='ltr'>v.</span> <span class='ocrx_word' id='word_1_447' title='bbox 1568 2493 1634 2530; x_wconf 82' lang='lat'>70.</span> <span class='ocrx_word' id='word_1_448' title='bbox 1661 2512 1713 2519; x_wconf 89' lang='lat'>—</span> <span class='ocrx_word' id='word_1_449' title='bbox 1732 2492 1989 2542; x_wconf 75' lang='lat' dir='ltr'>Excerpens</span> <span class='ocrx_word' id='word_1_450' title='bbox 2004 2489 2197 2530; x_wconf 76' lang='lat' dir='ltr'>semina.</span> 
     </span>
     <span class='ocr_line' id='line_1_72' title="bbox 1251 2540 2200 2596; baseline -0.006 -9"><span class='ocrx_word' id='word_1_451' title='bbox 1251 2543 1412 2587; x_wconf 73' lang='lat' dir='ltr'>C&#39;etait</span> <span class='ocrx_word' id='word_1_452' title='bbox 1433 2556 1494 2584; x_wconf 91' lang='lat' dir='ltr'>un</span> <span class='ocrx_word' id='word_1_453' title='bbox 1522 2554 1664 2596; x_wconf 83' lang='lat' dir='ltr'>usage</span> <span class='ocrx_word' id='word_1_454' title='bbox 1692 2542 1750 2582; x_wconf 90' lang='lat' dir='ltr'>de</span> <span class='ocrx_word' id='word_1_455' title='bbox 1772 2541 1975 2595; x_wconf 81' lang='lat' dir='ltr'>prendre</span> <span class='ocrx_word' id='word_1_456' title='bbox 2004 2540 2088 2582; x_wconf 85' lang='lat' dir='ltr'>des</span> <span class='ocrx_word' id='word_1_457' title='bbox 2111 2541 2200 2593; x_wconf 75' lang='lat' dir='ltr'>pe-</span> 
     </span>
     <span class='ocr_line' id='line_1_73' title="bbox 1250 2593 2201 2651; baseline -0.004 -14"><span class='ocrx_word' id='word_1_458' title='bbox 1250 2596 1358 2651; x_wconf 84' lang='lat' dir='ltr'>pins</span> <span class='ocrx_word' id='word_1_459' title='bbox 1377 2607 1542 2637; x_wconf 88' lang='lat' dir='ltr'>encore</span> <span class='ocrx_word' id='word_1_460' title='bbox 1559 2593 1790 2644; x_wconf 88' lang='lat' dir='ltr'>humides,</span> <span class='ocrx_word' id='word_1_461' title='bbox 1820 2594 1878 2635; x_wconf 90' lang='lat' dir='ltr'>de</span> <span class='ocrx_word' id='word_1_462' title='bbox 1905 2593 1977 2634; x_wconf 87' lang='lat' dir='ltr'>les</span> <span class='ocrx_word' id='word_1_463' title='bbox 2010 2604 2201 2647; x_wconf 71' lang='lat' dir='ltr'>presset·</span> 
     </span>
     <span class='ocr_line' id='line_1_74' title="bbox 1251 2645 2199 2701; baseline -0.004 -11"><span class='ocrx_word' id='word_1_464' title='bbox 1251 2654 1382 2691; x_wconf 86' lang='lat' dir='ltr'>entre</span> <span class='ocrx_word' id='word_1_465' title='bbox 1405 2647 1476 2690; x_wconf 87' lang='lat' dir='ltr'>les</span> <span class='ocrx_word' id='word_1_466' title='bbox 1494 2646 1653 2701; x_wconf 81' lang='lat' dir='ltr'>doigts</span> <span class='ocrx_word' id='word_1_467' title='bbox 1673 2650 1719 2688; x_wconf 87' lang='lat' dir='ltr'>et</span> <span class='ocrx_word' id='word_1_468' title='bbox 1740 2646 1798 2687; x_wconf 89' lang='lat' dir='ltr'>de</span> <span class='ocrx_word' id='word_1_469' title='bbox 1826 2645 1897 2687; x_wconf 87' lang='lat' dir='ltr'>les</span> <span class='ocrx_word' id='word_1_470' title='bbox 1916 2645 2071 2687; x_wconf 88' lang='lat' dir='ltr'>lancer</span> <span class='ocrx_word' id='word_1_471' title='bbox 2087 2657 2199 2686; x_wconf 84' lang='lat' dir='ltr'>vers</span> 
     </span>
     <span class='ocr_line' id='line_1_75' title="bbox 1248 2696 2202 2756; baseline -0.003 -13"><span class='ocrx_word' id='word_1_472' title='bbox 1248 2701 1294 2744; x_wconf 87' lang='lat' dir='ltr'>le</span> <span class='ocrx_word' id='word_1_473' title='bbox 1307 2698 1514 2756; x_wconf 84' lang='lat' dir='ltr'>plafond.</span> <span class='ocrx_word' id='word_1_474' title='bbox 1532 2699 1692 2750; x_wconf 87' lang='lat' dir='ltr'>Quand</span> <span class='ocrx_word' id='word_1_475' title='bbox 1708 2710 1771 2739; x_wconf 91' lang='lat' dir='ltr'>on</span> <span class='ocrx_word' id='word_1_476' title='bbox 1783 2697 2052 2740; x_wconf 74' lang='lat' dir='ltr'>reussissait</span> <span class='ocrx_word' id='word_1_477' title='bbox 2066 2698 2091 2738; x_wconf 78' lang='lat' dir='ltr'>a</span> <span class='ocrx_word' id='word_1_478' title='bbox 2103 2696 2202 2740; x_wconf 84' lang='lat' dir='ltr'>l’at-</span> 
     </span>
     <span class='ocr_line' id='line_1_76' title="bbox 1249 2749 2201 2805; baseline -0.005 -9"><span class='ocrx_word' id='word_1_479' title='bbox 1249 2754 1448 2804; x_wconf 84' lang='lat' dir='ltr'>teindre,</span> <span class='ocrx_word' id='word_1_480' title='bbox 1498 2751 1650 2794; x_wconf 75' lang='lat' dir='ltr'>c&#39;etait</span> <span class='ocrx_word' id='word_1_481' title='bbox 1693 2764 1755 2791; x_wconf 88' lang='lat' dir='ltr'>un</span> <span class='ocrx_word' id='word_1_482' title='bbox 1791 2750 1929 2805; x_wconf 83' lang='lat' dir='ltr'>signe</span> <span class='ocrx_word' id='word_1_483' title='bbox 1964 2749 2201 2792; x_wconf 81' lang='lat' dir='ltr'>favorable</span> 
     </span>
     <span class='ocr_line' id='line_1_77' title="bbox 1248 2802 2197 2862; baseline -0.003 -14"><span class='ocrx_word' id='word_1_484' title='bbox 1248 2819 1369 2862; x_wconf 90' lang='lat' dir='ltr'>pour</span> <span class='ocrx_word' id='word_1_485' title='bbox 1385 2805 1430 2847; x_wconf 90' lang='lat' dir='ltr'>le</span> <span class='ocrx_word' id='word_1_486' title='bbox 1445 2804 1608 2847; x_wconf 75' lang='lat' dir='ltr'>succes</span> <span class='ocrx_word' id='word_1_487' title='bbox 1624 2804 1681 2846; x_wconf 90' lang='lat' dir='ltr'>de</span> <span class='ocrx_word' id='word_1_488' title='bbox 1696 2802 1895 2845; x_wconf 83' lang='lat' dir='ltr'>l’amant.</span> <span class='ocrx_word' id='word_1_489' title='bbox 1916 2825 1968 2835; x_wconf 93' lang='lat'>—</span> <span class='ocrx_word' id='word_1_490' title='bbox 1983 2806 2124 2844; x_wconf 81' lang='lat' dir='ltr'>Penes</span> <span class='ocrx_word' id='word_1_491' title='bbox 2141 2809 2197 2851; x_wconf 79' lang='lat' dir='ltr'>te,</span> 
     </span>
     <span class='ocr_line' id='line_1_78' title="bbox 1250 2855 2200 2914; baseline -0.007 -12"><span class='ocrx_word' id='word_1_492' title='bbox 1250 2857 1527 2914; x_wconf 87' lang='lat' dir='ltr'>expression</span> <span class='ocrx_word' id='word_1_493' title='bbox 1543 2855 1768 2911; x_wconf 78' lang='lat' dir='ltr'>analogue</span> <span class='ocrx_word' id='word_1_494' title='bbox 1787 2857 1813 2896; x_wconf 73' lang='grc' dir='ltr'>ἐι</span> <span class='ocrx_word' id='word_1_495' title='bbox 1835 2863 2013 2909; x_wconf 82' lang='lat' dir='ltr'>potens,</span> <span class='ocrx_word' id='word_1_496' title='bbox 2046 2858 2110 2897; x_wconf 76' lang='lat' dir='ltr'>im</span> <span class='ocrx_word' id='word_1_497' title='bbox 2145 2868 2200 2896; x_wconf 93' lang='grc' dir='ltr'>ο-</span> 
     </span>
     <span class='ocr_line' id='line_1_79' title="bbox 1251 2908 2203 2964; baseline -0.004 -9"><span class='ocrx_word' id='word_1_498' title='bbox 1251 2921 1349 2955; x_wconf 82' lang='lat' dir='ltr'>tens</span> <span class='ocrx_word' id='word_1_499' title='bbox 1365 2912 1453 2954; x_wconf 75' lang='lat' dir='ltr'>sul.</span> <span class='ocrx_word' id='word_1_500' title='bbox 1472 2933 1526 2943; x_wconf 89' lang='lat'>-</span> <span class='ocrx_word' id='word_1_501' title='bbox 1542 2910 1760 2958; x_wconf 63' lang='lat' dir='ltr'>Pereunt,</span> <span class='ocrx_word' id='word_1_502' title='bbox 1779 2920 1922 2964; x_wconf 83' lang='lat' dir='ltr'>synco</span> <span class='ocrx_word' id='word_1_503' title='bbox 1958 2921 1983 2951; x_wconf 86' lang='lat' dir='ltr'>e</span> <span class='ocrx_word' id='word_1_504' title='bbox 2007 2921 2057 2951; x_wconf 89' lang='lat' dir='ltr'>se</span> <span class='ocrx_word' id='word_1_505' title='bbox 2139 2908 2203 2951; x_wconf 77' lang='lat' dir='ltr'>la-</span> 
     </span>
     <span class='ocr_line' id='line_1_80' title="bbox 1248 2962 2203 3019; baseline -0.002 -12"><span class='ocrx_word' id='word_1_506' title='bbox 1248 2965 1326 3007; x_wconf 89' lang='lat' dir='ltr'>ble</span> <span class='ocrx_word' id='word_1_507' title='bbox 1344 2965 1372 3006; x_wconf 74' lang='lat' dir='ltr'>a</span> <span class='ocrx_word' id='word_1_508' title='bbox 1389 2964 1624 3019; x_wconf 79' lang='lat' dir='ltr'>complesti</span> <span class='ocrx_word' id='word_1_509' title='bbox 1642 2962 1809 3017; x_wconf 86' lang='lat' dir='ltr'>(Epod.</span> <span class='ocrx_word' id='word_1_510' title='bbox 1830 2972 1894 3016; x_wconf 80' lang='lat' dir='ltr'>vl,</span> <span class='ocrx_word' id='word_1_511' title='bbox 1945 2963 1976 3016; x_wconf 89' lang='lat'>),</span> <span class='ocrx_word' id='word_1_512' title='bbox 1997 2962 2024 3003; x_wconf 65' lang='lat' dir='ltr'>a</span> <span class='ocrx_word' id='word_1_513' title='bbox 2040 2962 2203 3005; x_wconf 75' lang='lat' dir='ltr'>divisse</span> 
     </span>
     <span class='ocr_line' id='line_1_81' title="bbox 1252 3017 1585 3072; baseline -0.012 -10"><span class='ocrx_word' id='word_1_514' title='bbox 1252 3018 1363 3072; x_wconf 66' lang='lat' dir='ltr'>(Sat.</span> <span class='ocrx_word' id='word_1_515' title='bbox 1384 3030 1455 3070; x_wconf 91' lang='lat'><em>111,</em></span> <span class='ocrx_word' id='word_1_516' title='bbox 1475 3017 1585 3071; x_wconf 83' lang='grc'><strong>169).</strong></span> 
     </span>
    </p>
   </div>
   <div class='ocr_carea' id='block_1_18' title="bbox 1252 3083 2206 3611">
    <p class='ocr_par' dir='ltr' id='par_1_27' title="bbox 1302 3083 2205 3129">
     <span class='ocr_line' id='line_1_82' title="bbox 1302 3083 2205 3129; baseline -0.001 0"><span class='ocrx_word' id='word_1_517' title='bbox 1302 3089 1396 3129; x_wconf 84' lang='grc'><strong>141.</strong></span> <span class='ocrx_word' id='word_1_518' title='bbox 1414 3086 1566 3129; x_wconf 87' lang='lat' dir='ltr'>Balba</span> <span class='ocrx_word' id='word_1_519' title='bbox 1587 3085 1739 3128; x_wconf 76' lang='lat' dir='ltr'>verba.</span> <span class='ocrx_word' id='word_1_520' title='bbox 1767 3085 1839 3127; x_wconf 85' lang='lat' dir='ltr'>&#39;l&#39;u</span> <span class='ocrx_word' id='word_1_521' title='bbox 1862 3083 2097 3128; x_wconf 76' lang='lat' dir='ltr'>balbuties</span> <span class='ocrx_word' id='word_1_522' title='bbox 2118 3097 2205 3128; x_wconf 82' lang='lat' dir='ltr'>au-</span> 
     </span>
    </p>

    <p class='ocr_par' dir='ltr' id='par_1_28' title="bbox 1252 3135 2206 3611">
     <span class='ocr_line' id='line_1_83' title="bbox 1285 3135 2202 3191; baseline -0.001 -10"><span class='ocrx_word' id='word_1_523' title='bbox 1285 3136 1363 3182; x_wconf 73' lang='lat' dir='ltr'>res</span> <span class='ocrx_word' id='word_1_524' title='bbox 1381 3139 1440 3181; x_wconf 87' lang='lat' dir='ltr'>de</span> <span class='ocrx_word' id='word_1_525' title='bbox 1458 3145 1506 3181; x_wconf 84' lang='lat' dir='ltr'>ta</span> <span class='ocrx_word' id='word_1_526' title='bbox 1524 3141 1768 3181; x_wconf 70' lang='lat' dir='ltr'>main-esse</span> <span class='ocrx_word' id='word_1_527' title='bbox 1778 3153 1793 3190; x_wconf 90' lang='lat'>;</span> <span class='ocrx_word' id='word_1_528' title='bbox 1811 3143 1861 3180; x_wconf 86' lang='lat' dir='ltr'>tu</span> <span class='ocrx_word' id='word_1_529' title='bbox 1883 3136 1971 3180; x_wconf 84' lang='lat' dir='ltr'>fais</span> <span class='ocrx_word' id='word_1_530' title='bbox 1998 3135 2202 3191; x_wconf 71' lang='lat' dir='ltr'>venrant,</span> 
     </span>
     <span class='ocr_line' id='line_1_84' title="bbox 1271 3189 2206 3244; baseline -0.003 -9"><span class='ocrx_word' id='word_1_531' title='bbox 1271 3206 1296 3235; x_wconf 91' lang='lat' dir='ltr'>e</span> <span class='ocrx_word' id='word_1_532' title='bbox 1314 3192 1446 3234; x_wconf 84' lang='lat' dir='ltr'>niais.</span> <span class='ocrx_word' id='word_1_533' title='bbox 1468 3215 1520 3223; x_wconf 98' lang='lat'><strong>—</strong></span> <span class='ocrx_word' id='word_1_534' title='bbox 1550 3192 1695 3234; x_wconf 81' lang='lat' dir='ltr'>Verba</span> <span class='ocrx_word' id='word_1_535' title='bbox 1737 3193 1826 3233; x_wconf 79' lang='lat' dir='ltr'>eris</span> <span class='ocrx_word' id='word_1_536' title='bbox 1837 3193 2021 3244; x_wconf 80' lang='lat' dir='ltr'>palato.</span> <span class='ocrx_word' id='word_1_537' title='bbox 2047 3191 2120 3233; x_wconf 93' lang='lat' dir='ltr'>On</span> <span class='ocrx_word' id='word_1_538' title='bbox 2136 3189 2206 3232; x_wconf 80' lang='lat' dir='ltr'>di-</span> 
     </span>
     <span class='ocr_line' id='line_1_85' title="bbox 1252 3242 2203 3300; baseline -0.004 -13"><span class='ocrx_word' id='word_1_539' title='bbox 1252 3244 1343 3287; x_wconf 86' lang='lat' dir='ltr'>sait</span> <span class='ocrx_word' id='word_1_540' title='bbox 1355 3246 1500 3300; x_wconf 71' lang='lat' dir='ltr'>sertre</span> <span class='ocrx_word' id='word_1_541' title='bbox 1521 3257 1681 3295; x_wconf 78' lang='lat' dir='ltr'>vocem,</span> <span class='ocrx_word' id='word_1_542' title='bbox 1726 3256 1806 3297; x_wconf 86' lang='lat' dir='ltr'>rap</span> <span class='ocrx_word' id='word_1_543' title='bbox 1844 3255 1894 3285; x_wconf 86' lang='lat' dir='ltr'>er</span> <span class='ocrx_word' id='word_1_544' title='bbox 1913 3242 1959 3284; x_wconf 83' lang='lat' dir='ltr'>la</span> <span class='ocrx_word' id='word_1_545' title='bbox 1983 3242 2113 3295; x_wconf 83' lang='lat' dir='ltr'>voix‚</span> <span class='ocrx_word' id='word_1_546' title='bbox 2132 3255 2203 3284; x_wconf 87' lang='lat' dir='ltr'>e.-</span> 
     </span>
     <span class='ocr_line' id='line_1_86' title="bbox 1252 3293 2202 3340; baseline -0.003 -1"><span class='ocrx_word' id='word_1_547' title='bbox 1252 3298 1357 3340; x_wconf 69' lang='lat' dir='ltr'>a-d.</span> <span class='ocrx_word' id='word_1_548' title='bbox 1396 3297 1466 3339; x_wconf 88' lang='lat' dir='ltr'>les</span> <span class='ocrx_word' id='word_1_549' title='bbox 1501 3297 1670 3339; x_wconf 82' lang='lat' dir='ltr'>cordes</span> <span class='ocrx_word' id='word_1_550' title='bbox 1699 3307 1812 3339; x_wconf 80' lang='lat' dir='ltr'>voca</span> <span class='ocrx_word' id='word_1_551' title='bbox 1833 3308 1885 3338; x_wconf 86' lang='lat' dir='ltr'>es</span> <span class='ocrx_word' id='word_1_552' title='bbox 1915 3296 1981 3337; x_wconf 88' lang='lat' dir='ltr'>du</span> <span class='ocrx_word' id='word_1_553' title='bbox 2019 3293 2064 3336; x_wconf 79' lang='lat' dir='ltr'>la</span> <span class='ocrx_word' id='word_1_554' title='bbox 2122 3306 2202 3337; x_wconf 86' lang='lat' dir='ltr'>nx.</span> 
     </span>
     <span class='ocr_line' id='line_1_87' title="bbox 1253 3347 2199 3403; baseline -0.005 -11"><span class='ocrx_word' id='word_1_555' title='bbox 1253 3352 1407 3393; x_wconf 78' lang='lat' dir='ltr'>Fer-ire</span> <span class='ocrx_word' id='word_1_556' title='bbox 1438 3348 1575 3391; x_wconf 75' lang='lat' dir='ltr'>verba</span> <span class='ocrx_word' id='word_1_557' title='bbox 1603 3353 1677 3391; x_wconf 83' lang='lat' dir='ltr'>est</span> <span class='ocrx_word' id='word_1_558' title='bbox 1701 3347 1773 3391; x_wconf 89' lang='lat' dir='ltr'>dit</span> <span class='ocrx_word' id='word_1_559' title='bbox 1809 3360 1895 3403; x_wconf 81' lang='lat' dir='ltr'>par</span> <span class='ocrx_word' id='word_1_560' title='bbox 1925 3351 2091 3390; x_wconf 79' lang='lat' dir='ltr'>extens</span> <span class='ocrx_word' id='word_1_561' title='bbox 2109 3358 2199 3388; x_wconf 87' lang='lat' dir='ltr'>on:</span> 
     </span>
     <span class='ocr_line' id='line_1_88' title="bbox 1252 3398 2206 3454; baseline -0.005 -9"><span class='ocrx_word' id='word_1_562' title='bbox 1252 3401 1369 3445; x_wconf 86' lang='lat' dir='ltr'>faire</span> <span class='ocrx_word' id='word_1_563' title='bbox 1383 3404 1608 3445; x_wconf 71' lang='lat' dir='ltr'>resonncr</span> <span class='ocrx_word' id='word_1_564' title='bbox 1619 3399 1690 3443; x_wconf 88' lang='lat' dir='ltr'>les</span> <span class='ocrx_word' id='word_1_565' title='bbox 1705 3412 1832 3452; x_wconf 85' lang='lat' dir='ltr'>sons,</span> <span class='ocrx_word' id='word_1_566' title='bbox 1843 3399 1913 3442; x_wconf 87' lang='lat' dir='ltr'>les</span> <span class='ocrx_word' id='word_1_567' title='bbox 1926 3399 2111 3454; x_wconf 84' lang='lat' dir='ltr'>paroles</span> <span class='ocrx_word' id='word_1_568' title='bbox 2126 3398 2206 3440; x_wconf 84' lang='lat' dir='ltr'>‹le-</span> 
     </span>
     <span class='ocr_line' id='line_1_89' title="bbox 1253 3450 2205 3517; baseline -0.007 -18"><span class='ocrx_word' id='word_1_569' title='bbox 1253 3467 1430 3499; x_wconf 82' lang='lat' dir='ltr'>venues</span> <span class='ocrx_word' id='word_1_570' title='bbox 1459 3454 1745 3508; x_wconf 73' lang='lat' dir='ltr'>begayantes</span> <span class='ocrx_word' id='word_1_571' title='bbox 1778 3466 1864 3517; x_wconf 83' lang='lat' dir='ltr'>par</span> <span class='ocrx_word' id='word_1_572' title='bbox 1893 3452 1938 3493; x_wconf 88' lang='lat' dir='ltr'>la</span> <span class='ocrx_word' id='word_1_573' title='bbox 1967 3450 2205 3493; x_wconf 81' lang='lat' dir='ltr'>vieillesse</span> 
     </span>
     <span class='ocr_line' id='line_1_90' title="bbox 1256 3503 2204 3562; baseline -0.006 -11"><span class='ocrx_word' id='word_1_574' title='bbox 1256 3508 1341 3551; x_wconf 84' lang='lat' dir='ltr'>des</span> <span class='ocrx_word' id='word_1_575' title='bbox 1360 3517 1575 3562; x_wconf 84' lang='lat' dir='ltr'>organes.</span> <span class='ocrx_word' id='word_1_576' title='bbox 1598 3527 1650 3537; x_wconf 94' lang='lat'>—-</span> <span class='ocrx_word' id='word_1_577' title='bbox 1677 3508 1857 3547; x_wconf 75' lang='lat' dir='ltr'>samer.</span> <span class='ocrx_word' id='word_1_578' title='bbox 1884 3503 2117 3549; x_wconf 80' lang='lat' dir='ltr'>Suus-ent.</span> <span class='ocrx_word' id='word_1_579' title='bbox 2142 3516 2204 3546; x_wconf 85' lang='lat' dir='ltr'>es.</span> 
     </span>
     <span class='ocr_line' id='line_1_91' title="bbox 1257 3557 2203 3611; baseline -0.004 -9"><span class='ocrx_word' id='word_1_580' title='bbox 1257 3582 1309 3591; x_wconf 95' lang='lat'>—</span> <span class='ocrx_word' id='word_1_581' title='bbox 1331 3562 1485 3602; x_wconf 83' lang='lat' dir='ltr'>casas.</span> <span class='ocrx_word' id='word_1_582' title='bbox 1517 3561 1562 3600; x_wconf 80' lang='lat' dir='ltr'>V.</span> <span class='ocrx_word' id='word_1_583' title='bbox 1581 3570 1628 3601; x_wconf 81' lang='lat' dir='ltr'>v.</span> <span class='ocrx_word' id='word_1_584' title='bbox 1647 3559 1742 3599; x_wconf 73' lang='lat'>246.</span> <span class='ocrx_word' id='word_1_585' title='bbox 1761 3579 1814 3591; x_wconf 91' lang='lat'>-</span> <span class='ocrx_word' id='word_1_586' title='bbox 1840 3557 1942 3611; x_wconf 76' lang='lat' dir='ltr'>Qui.</span> <span class='ocrx_word' id='word_1_587' title='bbox 1969 3560 2012 3598; x_wconf 86' lang='lat' dir='ltr'>V.</span> <span class='ocrx_word' id='word_1_588' title='bbox 2034 3569 2081 3599; x_wconf 81' lang='lat' dir='ltr'>v.</span> <span class='ocrx_word' id='word_1_589' title='bbox 2109 3558 2203 3599; x_wconf 71' lang='lat'>259.</span> 
     </span>
    </p>
   </div>
  </div>
 </body>
</html>
