2690 4169
972 245 1299 300 SATIRAE,
1352 245 1435 301 11,
1485 260 1584 293 111.

293 359 555 439 AEgrum
587 379 660 417 ex
688 358 1104 437 praecipiti¹⁵¹,
1140 373 1333 419 mater
1363 360 1559 418 delira
1589 361 1835 421 necabit

296 440 367 498 In
397 440 603 518 gelida
628 439 809 497 fixum
840 440 975 516 ripa
1007 439 1347 519 febrimque
1379 442 1651 510 reducet,

296 518 513 591 Quone
545 517 702 576 malo
733 529 995 575 mentem
1027 523 1367 577 concussa?
1396 519 1615 577 timore
1647 518 1941 578 Deorum.
1978 542 2007 575 ι)

376 597 520 655 Haec
550 596 697 655 mihi
732 596 1084 667 Stertinius,
1121 597 1478 675 Sapientum
1510 611 1781 668 octavuS‚
1817 594 2028 657 amico'

2135 598 2252 657 295

289 675 481 734 Arma
510 676 701 746 dedit,
735 676 993 754 posthac
1023 698 1099 734 ne
1131 677 1535 754 compellaret·
1559 677 1900 737 inultusffl.

295 755 538 813 Dixerit
566 756 849 814 insanum
881 756 986 834 qui
1016 775 1132 826 me,
1167 757 1422 814 totidem
1455 758 1678 827 audiet,
1714 770 1893 837 atque

293 833 635 912 Respicere
664 835 878 914 ignoto
907 835 1102 894 discet
1132 836 1462 913 pendentia
1491 837 1779 915 tergoffl.

291 947 373 957 —-
406 913 633 983 Stoice,
676 925 819 991 post
849 915 1131 973 damnum
1164 915 1347 973 sic¹⁵⁴
1371 917 1602 974 vendas
1635 916 1838 974 omnia
1866 914 2085 992 pluriS‚

288 992 429 1066 Qua
457 1012 551 1051 me
582 993 841 1051 stultitia
872 994 1178 1072 (quoniam
1208 1014 1332 1052 non
1366 1006 1461 1053 est
1497 1014 1692 1072 genus
1722 992 1926 1073 unum)

2133 994 2251 1051 300

293 1070 571 1131 insanire
602 1075 823 1151 putas?
852 1091 967 1152 ego
998 1092 1137 1132 nam
1165 1074 1386 1133 videor
1412 1074 1561 1131 mihi
1594 1093 1799 1134 sanus,

289 1185 369 1193 -—
401 1150 605 1224 Quid?
633 1164 815 1230 eaput
843 1152 1185 1211 abscissum
1216 1154 1471 1211 demens
1502 1173 1635 1211 cum
1670 1165 1873 1230 portat
1900 1151 2109 1230 Agave

291 1227 431 1288 Nati
463 1230 729 1290 infelicis
764 1231 863 1301 ¹⁸⁸,
900 1231 1018 1290 sibi
1046 1244 1173 1292 tum
1200 1232 1433 1290 furiosa
1463 1234 1744 1292 videtur?

288 1344 368 1353 —
396 1309 657 1368 Stultum
689 1331 783 1368 me
816 1312 1010 1369 fateor
1035 1311 1234 1389 (liceat
1265 1313 1603 1369 concedere
1632 1311 1798 1370 veris
1832 1310 1926 1389 ¹²⁵⁵)

289 1388 492 1467 Atque
525 1390 703 1447 etiam
729 1391 1009 1448 insanum
1045 1413 1057 1446 z
1092 1402 1322 1448 tantum
1350 1391 1466 1448 hoc
1497 1392 1792 1456 edissere,
1829 1409 1950 1467 quo
1983 1410 2076 1448 me
2132 1391 2248 1448 305

289 1468 621 1546 AEgrotare
653 1480 830 1546 putes
863 1469 1044 1526 animi
1074 1470 1245 1527 vitio.
1282 1504 1362 1512 —
1390 1468 1642 1546 Accipe.
1681 1470 1952 1528 Primum

290 1546 608 1616 AEdificaS‚
642 1546 758 1605 hoc
789 1559 904 1616 est,
939 1547 1160 1624 longos
1192 1548 1474 1613 imitaris,
1510 1551 1583 1607 ab
1617 1549 1736 1605 imo

291 1624 388 1683 Ad
422 1645 718 1683 summum
748 1637 914 1684 totus
939 1626 1170 1684 moduli
1201 1627 1505 1704 bipedalis
1538 1628 1636 1695 ¹⁵⁷,
1673 1639 1730 1684 et
1761 1627 1919 1684 idem

292 1703 573 1780 Corpore
603 1702 893 1784 majorem
924 1705 1091 1763 rides
1123 1705 1434 1762 Turbonis
1464 1706 1527 1762 in
1557 1705 1744 1762 armis

293 1782 590 1860 Spiritum
623 1795 681 1840 et
711 1784 1131 1851 incessum¹⁵⁸‚
1168 1785 1272 1862 qui
1301 1784 1601 1842 ridiculus
1632 1785 1833 1842 minus
1863 1784 2009 1842 illo?

2133 1787 2248 1843 310

293 1860 390 1919 An
423 1863 848 1940 quodcumque
881 1863 1021 1921 facit
1051 1863 1353 1921 Maecenas
1382 1875 1441 1921 te
1473 1883 1715 1943 quoque
1744 1882 1956 1922 verum
1987 1863 2150 1922 ’st¹⁵⁹

291 1939 553 2000 Tantum
581 1941 943 2001 dissimilem
964 1955 1025 2001 et
1050 1953 1219 2002 tanto
1241 1954 1477 2002 certare
1503 1942 1801 2003 minorem
1818 1943 1933 2000 ¹⁶⁰?

288 2127 383 2157 anx
415 2115 565 2171 Jours.
598 2138 651 2149 -
682 2117 840 2159 Nudus
870 2119 921 2159 ἰη.
957 2117 1118 2160 Tiberi.
1157 2118 1245 2161 Les

291 2179 409 2222 gens
427 2168 761 2222 superstitieux
783 2168 997 2212 faisaient
1015 2171 1101 2213 des
1119 2170 1247 2212 ablu-

291 2220 419 2263 tions
441 2221 559 2263 dans
577 2221 622 2263 le
641 2221 800 2273 Tibi-e,
820 2224 846 2263 a
873 2222 916 2264 la
939 2221 1142 2266 maniere
1161 2224 1245 2265 des

292 2273 558 2326 Orione-ux,
575 2276 725 2316 meme
744 2288 801 2316 en
817 2281 947 2318 toute
966 2276 1137 2318 saison.

346 2330 439 2369 151.
466 2330 649 2369 Levarit
671 2339 728 2368 ea:
783 2330 992 2381 raecipiti,
1019 2328 1115 2371 l'ait
1131 2341 1245 2371 sou-

292 2380 398 2435 lage'
424 2386 471 2422 et
497 2381 638 2422 sauve
670 2379 729 2423 de
744 2341 956 2432 ff’abime,
986 2382 1162 2424 e.-a-d.
1183 2383 1248 2424 du

292 2435 470 2529 danfer
496 2433 556 2475 de
585 2438 724 2475 mort.
752 2455 806 2465 —-
835 2434 987 2488 Quone
1014 2436 1154 2476 malo.
1182 2438 1248 2476 Ne

292 2498 352 2528 cx
406 2484 504 2537 etis,
523 2497 702 2528 comme
720 2498 831 2529 avec
861 2493 976 2528 uter.
1008 2490 1054 2529 V.
1080 2486 1175 2530 Sat.
1195 2499 1244 2537 11,

295 2543 347 2581 1ο
381 2555 395 2591 ;
421 2545 469 2581 et
498 2538 747 2590 ci-decsus‚
779 2551 826 2580 v.
855 2541 950 2581 251.
978 2560 1031 2569 —
1058 2540 1247 2582 Necabit

290 2592 548 2646 febrimque
578 2592 775 2638 reducet,
812 2590 857 2633 le
883 2597 1028 2643 tuera,
1058 2605 1248 2634 causer-a

295 2657 345 2686 sa
367 2649 491 2686 mort
509 2657 567 2686 en
587 2649 826 2688 ramenant
846 2644 891 2686 la
919 2643 1080 2686 flevi-e.
1108 2644 1150 2687 11
1164 2657 1197 2702 y
1220 2657 1248 2687 a

294 2697 1137 2761 launwpmfltsscvepovfflraeposterum,
1157 2718 1247 2748 une

296 2755 644 2859 ὑιιττερολογία,
655 2766 737 2822 qui
745 2766 867 2811 n'est
876 2778 962 2821 pas
973 2779 1083 2809 sans
1093 2779 1249 2812 exem·

296 2830 330 2871 p
349 2830 416 2859 es.

347 2872 440 2911 152.
459 2872 726 2924 sapientum
751 2879 952 2915 octavus.
973 2872 1046 2915 On
1064 2874 1250 2916 connait

295 2922 365 2965 les
406 2928 512 2978 sept
540 2935 694 2979 sagea.
722 2925 917 2969 Juvenal
951 2926 1034 2978 (ΙΙ,
1076 2926 1141 2976 40)
1176 2925 1250 2968 dit

297 2974 430 3018 d'une
439 2974 642 3019 muniere
654 2977 877 3034 analoguc
890 2994 898 3020 :
916 2981 1091 3020 Tertius
1105 2991 1127 3019 e
1138 2980 1248 3021 coelo

300 3031 413 3070 Cato
434 3028 617 3070 decidit.
641 3050 694 3061 -
718 3033 1017 3085 Compellare,
1038 3038 1250 3086 apostro-

296 3080 430 3135 pher,
446 3086 673 3135 attaquer.

348 3136 441 3175 153.
472 3135 740 3177 Pendeneca.
771 3134 984 3178 Allusion
1012 3137 1037 3177 a
1062 3135 1106 3177 la
1124 3133 1248 3179 sablo

295 3186 520 3241 esopique
540 3187 625 3229 des
649 3190 781 3228 Deux
801 3192 1002 3230 Bes-aces.
1034 3192 1080 3230 V.
1114 3183 1246 3231 Pais-

296 3250 408 3291 nne,
421 3240 499 3290 IV,
513 3242 586 3292 103
602 3251 660 3281 LA
673 3240 933 3292 Fosi-Amr,
946 3242 981 3288 I.
994 3245 1033 3283 7.
1045 3264 1098 3274 —
1110 3244 1249 3283 Dixe-

296 3294 361 3333 rit
374 3293 456 3346 qui
482 3304 566 3334 me.
587 3294 626 3333 Α
653 3298 774 3334 cette
804 3292 1041 3336 inversion
1067 3307 1249 3349 compar·

296 3357 374 3387 rez
394 3343 488 3388 Sat.
512 3345 548 3397 1,
570 3356 633 3396 ιν,
653 3347 720 3396 79,
738 3348 802 3398 80,
826 3348 916 3386 125.

349 3400 442 3439 154.
463 3398 550 3440 Sic.
576 3401 620 3439 V.
645 3398 733 3440 Od.
750 3398 785 3446 Ι,
809 3409 879 3448 ιιι,
895 3401 945 3460 ,1.
965 3399 1019 3440 Je
1038 3398 1248 3441 souhaite

294 3462 560 3547 Ξὲἕὸέἑὲἓὶέ
568 3452 823 3558 ’ἔῆῗίἱὲ
836 3453 1250 3546 ἷὲ“ἓι’,ἑὲ.ζθὲἓξῗ

295 3562 349 3598 ω
379 3555 602 3610 trafiques
638 3557 707 3610 (V.
742 3561 850 3598 note
887 3557 979 3603 ²5„
1012 3556 1145 3600 mais.
1164 3570 1250 3606 par·

1298 2117 1682 2161 reconnaissance
1709 2130 1829 2172 pour
1856 2131 1965 2160 mon
1995 2131 2115 2168 voeu,
2148 2118 2252 2160 dis-

1296 2170 1416 2266 {2221
1413 2170 1572 2266 quelle}²
1586 2177 1673 2222 est,
1691 2171 1923 2266 selonttoji,
1943 2184 2017 2212 ma
2035 2170 2145 2266 stillio
2164 2170 2254 2267 (litt-

1418 2237 1603 2266 emen:
1662 2237 1862 2266 arsule
1917 2237 1943 2266 e
2034 2236 2059 2265 e
2098 2236 2253 2266 eso-

1297 2276 1405 2328 tise,
1427 2278 1485 2319 de
1537 2277 1610 2319 uel
1627 2237 1786 2319 Refaut
1799 2278 1858 2320 de
1877 2238 2084 2333 sagegstse,
2109 2283 2161 2320 tu
2179 2290 2253 2320 me

1298 2329 1423 2371 crois
1441 2329 1517 2371 fou
1541 2362 1551 2371 .

1354 2386 1442 2423 155.
1461 2385 1630 2436 Agave,
1648 2382 1915 2434 bacchante,
1926 2379 2055 2426 mere
2065 2383 2123 2425 de
2138 2382 2255 2425 Pen-

1298 2434 1422 2478 thee.
1450 2439 1496 2477 V.
1529 2435 1619 2479 Od.
1652 2436 1711 2487 11,
1736 2447 1832 2487 xvi,
1864 2439 1929 2477 14.
1951 2434 2054 2477 Elle
2076 2435 2256 2491 croyait

1298 2488 1423 2583 zenir
1433 2486 1589 2581 laffite
1605 2487 1713 2532 d'un
1726 2487 1838 2541 lion,
1855 2502 1914 2532 en
1930 2493 2122 2542 portant
2139 2486 2255 2530 celle

1334 2554 1359 2581 e
1378 2552 1466 2581 son
1540 2553 1579 2582 s.

1354 2596 1446 2634 156.
1484 2595 1652 2641 Liceat,
1693 2591 1804 2646 qu'il
1838 2605 1913 2636 me
1948 2592 2042 2635 soit
2076 2592 2254 2647 permis

1301 2644 1527 2698 (lorsqu’il
1546 2645 1622 2700 n'y
1647 2658 1675 2687 a
1699 2658 1864 2687 encore
1881 2648 1908 2687 a
1926 2645 2023 2688 cela
2105 2644 2175 2686 int
2196 2645 2254 2687 de

1298 2697 1442 2739 honte
1474 2710 1593 2751 pour
1622 2698 1728 2745 moi)
1764 2698 1822 2739 dc
1850 2711 1924 2739 me
1958 2711 2039 2739 ren
2102 2711 2127 2739 e
2154 2699 2180 2738 a
2209 2697 2256 2740 la

1298 2751 1528 2794 verite.—
1545 2752 1682 2798 Veris,
1706 2756 1883 2802 uentre,
1908 2762 2086 2792 comme
2099 2763 2256 2791 cruenf-

1302 2804 1375 2852 εἰς,
1400 2816 1447 2845 v.
1467 2805 1570 2855 2233
1590 2802 1635 2844 la
1653 2802 1814 2846 ve'rite'.

1355 2859 1449 2898 15⁷.
1466 2859 1656 2908 LongOS,
1676 2854 1746 2897 les
1766 2855 1957 2911 grands.
1974 2854 2014 2898 11
2027 2854 2256 2910 plaisante

1299 2921 1359 2951 en
1377 2910 1527 2951 meme
1542 2915 1696 2963 temps
1713 2922 1792 2950 sur
1810 2921 1861 2950 sa
1879 2908 2025 2962 petite
2040 2907 2184 2950 taille.
2203 2930 2257 2940 —-

1299 2962 1490 3010 Meduli,
1513 2962 1754 3004 diminutif
1769 2962 1828 3003 de
1852 2962 2024 3010 modus,
2055 2973 2254 3003 mesure.

1298 3036 1353 3047 -
1368 3015 1620 3069 Bipedalis.
1652 3013 1936 3071 Hyperbole.
1961 3014 2025 3056 Le
2056 3013 2167 3070 pied
2185 3025 2257 3055 ro-

1298 3067 1424 3110 main
1454 3067 1597 3109 valuit
1623 3080 1685 3110 un
1716 3079 1807 3121 peu
1829 3066 1983 3112 moins
2018 3067 2076 3109 de
2102 3072 2256 3110 trente

1298 3118 1614 3164 centimetres.

1352 3183 1445 3223 158.
1481 3180 1715 3224 Turbonis.
1748 3180 1809 3224 Ce
1831 3180 2023 3224 Turbon
2056 3178 2168 3222 etait
2193 3191 2257 3221 un

1331 3232 1559 3275 ladiateur
1573 3233 1708 3288 petit,
1720 3234 1838 3277 mais
1853 3233 1981 3288 plein
1992 3234 2050 3275 de
2065 3233 2190 3276 force
2210 3236 2258 3274 et

1339 3299 1364 3327 e
1386 3284 1559 3326 valeur.
1582 3309 1626 3317 -
1640 3288 1865 3340 Spiritum
1875 3293 1918 3328 et
1928 3288 2162 3331 incessum,
2186 3284 2263 3325 de·

1302 3338 1488 3380 marche
1505 3338 1630 3380 fiere.
1643 3362 1695 3370 —
1711 3340 1810 3393 Qui,
1828 3352 1887 3381 en
1902 3338 2027 3392 quoi.
2050 3341 2094 3378 V.
2108 3349 2154 3379 ν.
2167 3338 2257 3378 259.

1356 3401 1449 3440 159.
1473 3402 1529 3439 Te
1543 3411 1718 3455 quoque
1741 3401 1809 3450 (ia
1847 3401 1995 3449 acere)
2012 3408 2165 3438 verum
2179 3403 2261 3439 est.

1311 3452 1610 3498 Verum,dans
1621 3451 1663 3492 le
1676 3464 1784 3494 sens
1830 3457 2054 3493 erectum.
2074 3454 2119 3492 V.
2131 3448 2261 3503 Eptt.

1304 3505 1340 3557 1,
1363 3514 1444 3554 vn,
1467 3504 1655 3545 dernier
1673 3516 1796 3546 vers.

1358 3559 1447 3599 1⁶0.
1471 3559 1666 3597 Tantum
1676 3558 1959 3605 dissimilem,
1971 3566 2150 3597 comme
2161 3560 2264 3597 eam
