2690 4169
527 260 621 307 324

1180 259 1507 313 SATIRAE,

1560 259 1616 318 1,1
1633 294 1645 315 ,
1696 272 1837 316 vin.

526 372 849 433 Ridiculus
879 383 1037 431 totas
1069 372 1250 431 simul
1283 375 1625 431 obsorbere
1650 372 1964 450 placentas
1987 361 2065 442 ¹⁹⁶3

525 452 942 511 Nomentanus
971 452 1047 510 ad
1077 452 1213 520 hoc,
1245 452 1349 543 qui
1381 451 1434 509 si
1465 451 1612 529 quid
1648 452 1801 509 forte
1831 451 2047 510 lateret

2405 457 2481 514 25

523 530 733 589 Indice
760 542 1130 589 monstraret
1159 531 1354 609 digito
1372 531 1425 566 2⁰
1455 529 1613 609 (nam
1646 541 1848 588 cetera
1871 532 2070 601 turba,

523 610 676 679 Nos,
709 610 975 688 inquam,
1012 628 1298 667 cenamus
1324 628 1489 678 aveS‚
1526 608 1866 686 conchylia,
1897 609 2101 685 pisces
2119 610 2194 682 ²¹,

524 687 738 768 Longe
768 688 1128 747 dissimilem
1157 699 1302 747 noto
1334 688 1594 746 celantia
1623 707 1869 746 succum
1888 689 1981 764 ²²),

527 767 608 827 Ut
632 767 731 827 vel
762 769 1052 826 continuo
1084 767 1299 846 patuit,
1328 786 1465 826 cum
1491 767 1764 844 passeris
1797 778 1975 844 atque

529 846 840 925 ingustata
864 846 1011 904 mihi
1034 858 1396 925 porrexerat
1424 846 1529 904 ilia
1557 845 1799 904 rhombi
1823 846 1895 902 2³.

2394 851 2470 907 30

526 925 679 984 Post
703 925 819 984 hoc
846 944 940 983 me
971 926 1179 984 docuit
1207 925 1508 984 melimela
1531 926 1754 983 rubere
1778 925 2078 982 minorem

523 1004 621 1064 Ad
651 1005 852 1062 lunam
877 1004 1194 1062 delecta²⁸.
1223 1003 1387 1078 Quid
1407 1004 1522 1061 hoc
1552 1003 1797 1061 intersit
1823 1005 1895 1060 ab
1927 1004 2065 1081 ipso

524 1082 816 1142 Audieris
849 1083 1148 1142 melius²⁵.
1188 1082 1340 1142 Tum
1368 1081 1654 1140 Vibidius
1681 1081 1995 1140 Balatroni
2028 1104 2040 1138 :

529 1186 556 1217 «
592 1161 743 1231 Nos,
769 1161 889 1220 nisi
914 1164 1205 1220 damnose
1230 1161 1524 1229 bibimus,
1558 1161 1892 1219 moriemur
1916 1160 2156 1219 inulti²⁶
2176 1185 2192 1234 3
2226 1185 2252 1217 ›>

526 1241 603 1298 Et
628 1241 847 1300 calices
872 1253 1135 1318 poscunt
1162 1239 1447 1320 majores·
1480 1238 1733 1298 Vertere
1767 1239 1964 1316 pallor

2403 1244 2478 1300 35

524 1319 676 1378 Tum
701 1320 1019 1398 parochi²⁷
1051 1320 1285 1389 faciem,
1314 1319 1403 1376 nil
1429 1319 1519 1377 sic
1542 1319 1867 1377 metuentis
1894 1330 1959 1376 ut
1987 1339 2159 1378 acres

526 1398 811 1468 PotoreS‚
842 1398 940 1458 vel
965 1401 1128 1477 quod
1149 1399 1519 1457 maledicunt
1540 1397 1819 1466 liberius,
1844 1398 1942 1456 vel

522 1476 783 1536 Fervida
810 1479 975 1556 quod
1001 1478 1221 1536 subtile
1248 1478 1580 1536 exsurdant
1601 1477 1744 1536 vina
1766 1477 2029 1554 palatum
2042 1477 2113 1533 ²⁸.

524 1556 841 1615 Invertunt
867 1556 1151 1615 Allifanis
1179 1556 1416 1616 vinaria
1438 1567 1565 1615 tota

520 1634 803 1695 Vibidius
834 1635 1226 1715 Balatroque,
1257 1636 1484 1695 secutis
1516 1633 1799 1694 omnibus
1811 1634 1892 1703 ²⁹3
1927 1635 2030 1691 imi

2399 1639 2478 1695 40

526 1712 813 1776 Convivae
842 1714 983 1773 lecti
1013 1716 1267 1773 nihilum
1298 1734 1565 1774 nocuere
1590 1712 1827 1792 lagenis
1843 1711 1912 1769 ³⁰.

571 1873 638 1914 19.
681 1871 917 1914 Ridiculus
964 1871 1215 1914 obsorbere.
1282 1870 1466 1913 Nouvel

519 1923 734 1985 exemplo
751 1925 810 1967 de
827 1922 1054 1967 l’inflnitir
1067 1923 1111 1965 si
1125 1924 1470 1986 frequemment

518 1982 750 2020 construit
779 1978 897 2019 dans
935 1978 1115 2020 Horace
1137 1988 1274 2030 apres
1302 1989 1366 2019 un
1381 1976 1470 2018 ad-

510 2027 668 2121 ,310οέἰῇ
705 2029 759 2131 ἴ.
794 2039 917 2083 page
956 2039 1047 2079 xm,
1073 2029 1248 2082 Infinitif
1273 2037 1471 2082 comptem.

547 2082 580 2121 'a
611 2082 707 2131 jecta·
724 2096 758 2124 ε.

568 2135 637 2175 20.
664 2133 736 2174 Aa
750 2133 834 2174 hoc
850 2135 933 2187 qui
962 2139 1255 2183 monstraret,
1284 2131 1398 2175 etait
1424 2131 1470 2174 la

516 2197 636 2239 pour
682 2190 890 2227 montrer
903 2201 919 2238 3
957 2188 1001 2227 si
1046 2186 1157 2240 quid
1198 2187 1377 2234 lateret,
1415 2198 1467 2227 ce

553 2250 607 2279 ue
637 2249 755 2281 nous
783 2251 841 2280 ne
868 2238 1081 2281 verrions
1112 2250 1213 2293 pus,
1247 2237 1318 2280 les
1344 2243 1467 2280 mets

549 2294 633 2333 ont
650 2302 768 2333 nous
799 2303 857 2332 ne
881 2290 1248 2333 reconnaitrions
1278 2303 1366 2345 pas
1395 2289 1465 2333 les

511 2341 823 2397 ingrediente.
882 2344 931 2383 ui
948 2360 1004 2380 =
1026 2350 1076 2385 ut
1097 2346 1151 2393 is,
1180 2355 1360 2385 comme
1377 2356 1465 2397 quo

511 2401 631 2436 =ut
644 2408 694 2437 eo
713 2396 830 2438 dans
885 2402 947 2438 at.
970 2408 1000 2448 1,
1021 2400 1088 2448 36,
1110 2400 1176 2448 37,
1198 2402 1246 2439 et
1260 2409 1466 2450 quem:

512 2454 566 2491 ut
577 2459 692 2497 eum,
715 2447 809 2492 Sat.
834 2460 899 2500 vx,
924 2452 987 2489 42.

562 2503 631 2543 21.
654 2504 877 2544 cenamus
897 2513 1014 2544 aves.
1042 2507 1087 2545 V.
1111 2501 1206 2546 Sat.
1226 2509 1295 2553 ιιι,
1315 2503 1409 2543 235.

563 2556 630 2595 22.
669 2555 949 2596 Dissimilem
987 2562 1108 2597 noco.
1146 2556 1210 2597 La
1245 2555 1462 2608 supreme

509 2605 727 2660 cleg-nce
745 2607 804 2649 dc
822 2606 867 2647 la
896 2606 1072 2650 cuisine
1098 2609 1157 2650 de
1181 2606 1463 2650 Nasidienus

513 2659 719 2702 consiste
749 2660 775 2701 ὲ
803 2659 1007 2715 changer
1042 2658 1087 2702 le
1113 2664 1230 2715 gout
1259 2660 1344 2702 des
1371 2659 1462 2705 ali-
1513 2670 1546 2712 P

507 2718 678 2755 ments.

558 2774 625 2813 23.
650 2775 706 2814 Ut
716 2775 890 2826 patuit,
906 2784 1084 2816 comme
1099 2786 1217 2816 nous
1230 2773 1275 2817 le
1293 2774 1459 2826 fimes,

506 2835 560 2865 ce
579 2825 733 2866 savoir
752 2825 810 2867 de
827 2826 1159 2869 Nomentanus.
1177 2849 1230 2858 —
1254 2828 1331 2869 Vel
1349 2839 1460 2868 con-

504 2877 651 2918 tinuo.
680 2879 762 2920 Vel
777 2891 835 2920 ne
855 2883 954 2921 sert
976 2879 1079 2933 qu’a
1097 2879 1334 2921 renforcer
1352 2876 1461 2922 l’ad-

503 2928 662 2981 verbe,
696 2942 873 2973 comme
904 2931 1022 2974 dans
1055 2933 1121 2973 vel
1151 2933 1368 2973 maxime.
1410 2954 1455 2964 —

503 2980 723 3031 Passeris,
741 2982 855 3025 sole.
869 3006 923 3015 —
935 2988 1192 3038 Ῑιιςιιεταια,
1210 2984 1327 3026 dont
1339 2994 1457 3028 nous

505 3032 711 3076 n’nvions
723 3035 889 3087 jamais
950 3038 1071 3079 oute.
1101 3035 1327 3091 Exemple
1350 3037 1456 3078 uni-

570 3099 609 3127 e.
631 3110 683 3117 —
707 3089 811 3135 Ilia,
844 3087 888 3130 le
933 3089 1030 3140 oie,
1051 3088 1096 3130 la
1121 3088 1256 3141 laite,
1283 3094 1373 3131 etc.
1402 3112 1455 3122 -

541 3138 706 3188 bombi,
739 3141 846 3183 d'un
876 3141 1050 3183 turbot.
1076 3163 1129 3173 —
1156 3144 1450 3185 Por-rexerat.

506 3188 564 3234 Ge
581 3190 1009 3248 plus-que-parfait
1025 3191 1162 3248 apres
1181 3206 1284 3236 eum
1297 3194 1451 3248 signi-

499 3242 614 3287 aaut
632 3244 717 3287 des
741 3259 845 3300 que,
866 3244 1002 3301 apres
1056 3260 1125 3298 ue,
1145 3245 1264 3289 n'est
1280 3247 1451 3290 certai-

497 3303 688 3341 nement
705 3310 792 3353 pas
811 3303 1006 3341 correct.
1070 3312 1152 3342 vec
1165 3303 1449 3353 porrexerit,

497 3354 619 3393 cette
635 3363 688 3393 co
725 3350 927 3393 'onction
942 3350 1042 3395 doit
1056 3352 1316 3395 s'entendre
1332 3353 1449 3396 dans

495 3399 542 3445 le
561 3414 670 3445 sens
728 3418 752 3446 ο
775 3403 974 3458 puisque
985 3419 999 3456 3
1022 3404 1139 3447 mais
1163 3410 1284 3448 cette
1307 3417 1450 3449 cons-

495 3455 700 3498 truction
719 3455 839 3499 n’est
854 3469 941 3511 pas
958 3456 1066 3511 plus
1086 3463 1259 3501 exacte.
1281 3458 1342 3500 Μ.
1363 3458 1450 3501 Lu-

493 3505 599 3548 cien
625 3506 793 3569 lffuller
817 3520 1021 3564 propose
1050 3512 1260 3565 porrexit
1283 3512 1338 3560 is,
1365 3510 1449 3564 qui

495 3558 686 3602 rdtabht
701 3558 746 3602 la
779 3561 1057 3615 grammaire
1065 3578 1080 3616 3
1109 3562 1227 3610 mais
1257 3574 1310 3606 ce
1327 3561 1450 3606 n'est

1524 1873 1676 1910 certes
1728 1880 1780 1910 as
1806 1867 1850 1910 la
1876 1867 2001 1910 main
2027 1868 2266 1915 d’Horsce.
2290 1871 2381 1916 Ces
2400 1871 2479 1916 six

1525 1933 1633 1964 vers
1655 1882 1817 1974 (2ἕ-30)
1848 1926 1957 1963 sont
1984 1935 2114 1964 assez
2132 1922 2344 1967 obscure.

1576 1976 1643 2015 24.
1693 1975 1947 2023 neumata,
1995 1975 2347 2029 probablement
2392 1979 2476 2021 des

1524 2026 1891 2122 {fiximesadgipg
1911 2050 1965 2124 ἱ-
1982 2030 2218 2124 Διίίηᾱονειᾶι,
2241 2043 2323 2124 sur
2335 2029 2379 2125 1?
2399 2032 2477 2095 de-

1653 2094 1779 2121 c.--
1818 2111 1829 2122 .
1878 2094 1981 2124 nre
2022 2095 2048 2123 a
2109 2095 2141 2123 n
2198 2097 2223 2125 e
2263 2097 2289 2125 a
2374 2097 2476 2127 eine

1522 2111 1635 2174 lune'
1661 2137 1710 2176 et
1728 2131 1773 2175 le
1790 2132 1949 2175 milieu
1968 2135 2031 2175 du
2050 2135 2237 2178 dernier
2253 2097 2473 2191 quffrtier.

1577 2187 1644 2226 25.
1677 2185 1795 2239 Quid
1826 2188 2023 2236 intersit,
2053 2201 2112 2229 en
2138 2189 2249 2242 quoi
2267 2189 2362 2231 cela
2382 2190 2474 2232 im-

1518 2243 1669 2291 porte,
1690 2238 1748 2280 de
1766 2237 1837 2281 les
1863 2239 2043 2281 cueillir
2060 2239 2125 2282 tel
2142 2254 2200 2282 ou
2220 2241 2284 2283 tcl
2298 2243 2419 2296 jour.

1571 2292 1638 2330 26.
1675 2294 1915 2340 Damnose,
1966 2292 2100 2335 d'une
2131 2294 2331 2337 maniere
2373 2295 2474 2336 rui-

1517 2354 1675 2438 netu-sc}f
1705 2355 1815 2385 sans
1833 2356 2034 2438 mesairc.
2058 2368 2109 2437 1—
2127 2349 2377 2409 Mor-icmar-
2394 2351 2473 2389 in-

1515 2407 2039 2502 4‘10‘a.⁰3‡3355¹’..2¹1¹5
2062 2411 2475 2496 ‹iffitff'zssfflsszfig'tt

1516 2499 1809 2545 combuttons
1826 2501 2152 2545 vaillammcnt.

1568 2555 1636 2594 27.
1655 2555 1905 2605 Paroa-hus,
1922 2568 2226 2610 pourvoyeur.
2253 2560 2299 2598 V.
2318 2555 2410 2600 Sat.
2431 2560 2469 2609 1,

1516 2616 1561 2654 v,
1590 2607 1658 2646 46.
1692 2605 1753 2649 Ce
1781 2612 1928 2650 terme
1956 2614 2030 2651 est
2060 2608 2273 2665 employe
2299 2609 2360 2651 ici
2383 2623 2472 2665 par

1548 2657 1826 2702 laisanterie.

1517 2760 1528 2771 .
1565 2711 1634 2751 ²8.
1671 2712 1950 2760 Exstat-dant,
1986 2714 2350 2759 assourdissent.
2383 2716 2473 2760 Est

1513 2760 1576 2803 ici
1627 2774 1738 2806 our:
1759 2765 2042 2808 emoussent.

1566 2817 1592 2855 2
1622 2844 1634 2857 .
1674 2819 1910 2858 Invertunt
1959 2818 2159 2869 vinaria,
2198 2825 2471 2865 retournent

1512 2864 1584 2909 les
1609 2868 1855 2923 amphores
1883 2881 2002 2924 pour
2029 2869 2099 2913 les
2119 2871 2268 2915 vider.
2307 2877 2353 2915 V.
2376 2875 2467 2918 od.

1512 2919 1595 2971 111,
1631 2931 1764 2971 xxm,
1799 2923 1839 2962 2.
1871 2944 1917 2954 -
1951 2925 2190 2977 Allifanis.
2230 2924 2467 2971 Sous-ent.

1503 2974 1698 3067 ἔοοὲιιίε,
1726 2974 1854 3036 ’dans
1895 2976 2217 3069 desfcoupes·
2237 2979 2465 3033 d’Allifes,

1509 3036 1594 3116 dg.
1616 3028 2469 3134 ffifflafflzagbflqzzzz‘izf‘ffl:
2509 3097 2516 3106 -

1507 3133 1613 3171 aaut
1631 3129 1689 3171 de
1713 3133 1879 3175 meme.

1557 3183 1624 3223 30.
1646 3185 1733 3224 Imi
1754 3186 1947 3227 conviva
1970 3187 2089 3228 lecti.
2123 3190 2167 3228 V.
2199 3200 2245 3231 v.
2275 3191 2342 3230 23.
2375 3188 2466 3232 Ces

1506 3232 1630 3275 deux
1648 3236 1876 3289 parasitos
1891 3234 1995 3280 font
2011 3244 2149 3293 grace
2168 3253 2224 3281 au
2243 3241 2325 3283 vin
2378 3254 2468 3284 our

1503 3297 1562 3327 ne
1592 3299 1679 3341 pas
1710 3291 2028 3333 mecontenter
2058 3291 2104 3334 le
2138 3295 2303 3335 maitre
2365 3307 2390 3337 e
2420 3294 2465 3336 12

1502 3337 1697 3383 maison.
1714 3342 1801 3384 Les
1820 3343 1943 3385 deux
1957 3345 2235 3396 precedents
2253 3353 2359 3387 sont
2375 3347 2464 3389 des

1500 3393 1729 3444 parasitos
1757 3396 1816 3437 de
1841 3394 2037 3436 Mecene.
2082 3402 2121 3437 V.
2155 3412 2201 3440 v.
2229 3401 2379 3442 21-22.
2407 3420 2465 3433 -

1501 3452 1704 3518 Lagona,
1729 3456 1789 3498 de
1824 3446 2064 3510 λάγηνος,
2094 3458 2253 3503 dei-ive
2278 3457 2339 3504 ds
2359 3448 2465 3501 xa-

1497 3520 1617 3566 γων,
1654 3514 1822 3551 ventre
1860 3521 1872 3550 t
1910 3519 2025 3552 vase
2062 3512 2092 3553 a
2128 3522 2238 3566 gros
2272 3520 2462 3567 ventre,

1498 3564 1686 3618 gourde.
1712 3586 1764 3595 —
1786 3564 1980 3615 Νϋιίιιιηι,
2010 3568 2057 3608 V.
2081 3579 2204 3623 page
2226 3581 2353 3613 κων.
