2690 4169
1041 272 1302 327 EPODI,
1355 286 1405 318 v.
2109 270 2200 318 179

246 383 558 432 d'horribles
582 384 1026 432 enchantements.
1052 384 1194 432 Nous
1219 390 1528 433 retrouvons
1556 383 1666 431 Sat.
1695 384 1735 439 1,
1765 397 1880 439 vm,
1906 383 1965 430 23
1988 387 2040 428 et
2063 380 2196 429 suiv.

244 461 302 494 ee
334 461 665 510 personnage
689 451 739 492 et
765 461 847 492 ses
867 444 1119 492 affreuses
1141 445 1433 509 pratiques.
1462 445 1541 493 On
1565 444 1690 502 voit,
1716 459 1815 508 pur
1840 460 1923 491 ces
1945 443 2078 490 deux
2092 442 2201 506 pie-

244 522 329 555 ces
358 514 411 556 et
432 524 529 571 par
553 508 605 555 la
629 508 878 554 huitieme
915 507 1136 568 eglogae
1158 506 1220 555 de
1245 507 1459 570 Virgile,
1486 504 1614 570 qu'il
1636 523 1671 569 y
1704 505 1847 552 avait
1869 505 2009 552 alors
2034 505 2199 552 beuu-

244 585 378 631 coup
397 569 460 616 de
487 569 799 642 sorcellerie.
834 568 1049 617 Canidie
1081 574 1284 617 enterre
1303 568 1552 632 jusqu'au
1569 584 1682 641 ,σου
1702 584 1772 615 un
1797 568 1977 614 enfant
1998 566 2198 621 vivant,

242 630 765 755 ssfflfirffiirss‘ivsssssssse
781 629 2093 755 {5533523530331535‘135553⁶2EY1²3>⁶⁰¹¹²P⁰⁸⁰¹³
2127 644 2198 675 ¹¹¹¹

409 874 435 904 «
470 849 571 920 At,
600 870 636 909 o
667 850 940 909 Deorum
971 853 1302 929 quidquid¹
1336 853 1401 909 in
1441 850 1595 910 coelo
1627 851 1795 930 regis

602 929 826 988 Terras
852 941 912 989 et
942 930 1266 988 humanum
1297 950 1517 1011 genus»,

409 1070 437 1102 α
486 1046 643 1120 Quid
672 1049 786 1105 iste
819 1048 966 1106 fert²
993 1050 1330 1107 tumultus?
1365 1061 1422 1107 et
1447 1050 1594 1128 quid
1626 1049 1928 1108 omnium³

600 1125 818 1185 Vultus
847 1127 910 1184 in
934 1147 1118 1186 unum
1147 1147 1241 1185 me
1264 1132 1513 1187 truces?

410 1268 436 1298 «
484 1245 608 1303 Per
636 1245 867 1304 liberos
896 1256 977 1313 te,
1009 1246 1059 1303 si
1082 1258 1295 1305 vocata
1320 1250 1617 1324 partubus
2159 1245 2193 1301 5

601 1323 832 1382 Lucina
857 1324 1022 1383 veris
1050 1324 1274 1394 affuit&

409 1464 435 1496 «
484 1440 607 1499 Per
637 1442 752 1500 hoc
781 1443 960 1500 inane
991 1463 1276 1521 purpurae
1318 1446 1541 1502 decus⁶
1568 1464 1812 1523 precor,

601 1520 724 1579 Per
760 1521 1243 1600 improbaturum
1275 1522 1400 1581 haec
1438 1523 1672 1593 Jovem,

408 1661 434 1692 «
484 1637 645 1711 Quid
665 1650 731 1696 ut
749 1658 1014 1697 noverca
1035 1658 1130 1697 me
1156 1639 1416 1699 intueris
1447 1652 1549 1699 aut
1576 1642 1664 1701 uti

602 1718 799 1775 Petita
829 1717 991 1776 ferro
1016 1718 1263 1776 bellua?
1297 1742 1323 1773 »
2120 1725 2193 1782 10

402 1833 505 1905 Ut,
543 1834 668 1893 haec
692 1834 974 1892 trementi
1001 1847 1255 1912 questus
1280 1855 1411 1905 ore,
1442 1838 1716 1896 constitit

600 1913 624 1970 1
710 1914 956 1993 ignibus
976 1914 1206 1992 raptis⁶
1237 1935 1413 1992 puer,

405 1900 935 2111 Imlme‘corpus‚
972 2031 1146 2111 quale
1174 2046 1389 2112 posset
1413 2034 1598 2114 impia

599 2111 843 2171 Mollire
873 2111 1174 2170 Thracum
1205 2126 1476 2192 pectora,

403 2228 678 2299 Canidia,
707 2229 997 2287 brevibus
1023 2229 1328 2307 implicata
1349 2232 1583 2310 viperis
2121 2240 2192 2296 15

600 2306 852 2366 Crines⁷
882 2320 940 2365 et
965 2309 1336 2386 incomptum
1364 2323 1563 2389 caput,

240 2506 403 2551 sert-il
421 2505 673 2561 qu’Octave
691 2505 757 2548 ait
779 2506 969 2548 conduit
984 2518 1034 2568 sa
1053 2505 1183 2548 ssotte
1238 2522 1381 2562 mere,
1402 2516 1448 2553 et
1465 2511 1563 2553 n’as
1580 2523 1667 2565 pas
1684 2511 1790 2554 vole
1808 2511 1878 2555 les
1898 2513 2081 2557 enfants
2103 2528 2193 2570 que

240 2573 358 2615 pour
375 2558 662 2602 detrun-eun
686 2571 837 2600 ramas
869 2559 927 2600 de
955 2558 1028 2601 hm
1066 2559 1184 2601 ands
1240 2569 1291 2604 tu
1333 2575 1386 2604 as
1431 2570 1563 2606 entre
1598 2564 1667 2606 les
1703 2564 1874 2608 mainS.
1911 2589 1964 2597 —
2003 2569 2189 2618 Lucina,

241 2619 288 2657 et
330 2611 585 2655 d'esclaves
630 2613 850 2665 (rect-ntes
890 2623 975 2666 par
1049 2618 1187 2654 extus
1240 2615 1407 2657 deesse
1437 2616 1520 2658 des
1555 2618 1958 2670 aceouehements;
1997 2621 2056 2662 de
2094 2622 2188 2663 lux.

240 2665 473 2721 Pompee),
502 2663 545 2707 si
573 2677 635 2706 un
669 2663 885 2706 individu
917 2676 1094 2705 comme
1134 2677 1187 2706 ce
1241 2667 1413 2710 Lucine
1432 2674 1506 2711 est
1534 2669 1792 2712 confondue
1810 2671 1963 2713 tantot
1979 2685 2090 2714 avec
2108 2674 2193 2715 Ju-

240 2718 416 2762 Vedius
437 2722 510 2759 est
535 2717 695 2759 tribun
724 2716 976 2759 militaire?
1004 2740 1044 2747 —
1077 2719 1190 2759 AE'ra
1242 2732 1354 2774 non,
1370 2721 1523 2764 tantbt
1540 2734 1651 2763 avec
1670 2723 1829 2765 Diane.

241 2777 461 2819 rostrata,
488 2769 531 2810 la
553 2782 695 2824 prone
710 2785 724 2821 ;
753 2769 796 2811 la
824 2769 972 2825 partie
1008 2782 1127 2824 pour
1143 2769 1188 2812 le
1295 2777 1337 2814 5.
1367 2777 1462 2815 Pur
1496 2787 1588 2815 urae
1612 2775 1760 2825 decus,
1780 2774 1825 2816 la
1850 2775 2193 2830 robe'pretexte

239 2829 358 2867 tout.
379 2845 431 2853 —
460 2825 598 2865 Gravi
606 2824 823 2885 pondere,
847 2824 873 2865 ὰ
898 2835 1035 2865 cause
1054 2823 1113 2865 de
1145 2822 1189 2864 la
1242 2826 1418 2868 bot-dee
1447 2787 1506 2868 <fe
1531 2839 1748 2882 pourpre,
1770 2828 1958 2883 insigne
1988 2829 2073 2872 des
2091 2843 2194 2872 ma-

242 2876 478 2933 grandem·
497 2875 580 2917 des
602 2887 863 2918 vaisseaux.
1277 2880 1440 2921 istrats
1483 2884 1532 2921 et
1574 2892 1740 2935 parure
1776 2881 1860 2923 des
1902 2881 2084 2924 onfants
2134 2884 2194 2927 de

294 2929 396 2972 Onr.
415 2928 470 2970 V.
499 2950 550 2958 —
576 2930 615 2970 1.
645 2930 717 2976 Ae,
741 2942 766 2968 ο
794 2932 1041 2971 Deorum...
1067 2928 1189 2972 C’est
1242 2892 1397 2974 fionne
1409 2931 1598 2974 famille.
1620 2933 1685 2975 Ils
1699 2933 1743 2974 la
1757 2933 2009 2988 quittaient
2026 2936 2052 2976 ὲ
2071 2935 2195 2979 seize

241 2979 430 3024 l’enfant
482 2980 525 3021 ui
554 2980 694 3034 parle.
726 2979 764 3022 11
784 2982 882 3023 voit
902 2980 1038 3034 qu’on
1061 2981 1187 3036 s’ap-
1241 2998 1327 3028 ans
1357 2997 1478 3041 pour
1540 2986 1708 3027 rendre
1739 2985 1784 3027 la
1814 2986 1927 3030 robe
1966 2987 2118 3042 virile,
2152 2988 2197 3031 la

241 3035 373 3089 prete
393 3034 419 3073 a
467 3032 513 3073 ui
530 3030 643 3075 faire
677 3033 737 3074 du
766 3035 871 3075 mal.
905 3037 977 3082 At,
1009 3047 1187 3077 comme
1242 3044 1370 3094 toge.
1406 3061 1458 3069 —
1515 3051 1648 3087 nane,
1699 3037 1877 3093 inutile,
1912 3040 1992 3094 qui
2027 3054 2085 3083 ne
2121 3054 2195 3085 me

242 3107 300 3136 en
313 3105 424 3148 grec
440 3083 658 3141 ἀλλά,αυ
673 3101 1065 3136 commencement
1079 3094 1187 3135 d’un
1240 3091 1439 3147 protege
1457 3104 1558 3146 pas.

240 3157 453 3188 morceau
471 3146 579 3188 d'un
601 3150 683 3187 ton
702 3146 782 3199 vif,
812 3144 959 3189 forme
991 3160 1078 3189 une
1107 3160 1186 3189 es-
1295 3148 1335 3189 6.
1366 3144 1625 3198 Insignibus
1650 3145 1847 3200 designo
1877 3158 1930 3188 sa
1962 3147 2194 3201 pretexte,

241 3198 354 3254 peee
373 3198 725 3252 d’interjection.
755 3222 800 3230 —
823 3203 1020 3240 Deorum
1048 3201 1188 3254 quid-
1244 3204 1291 3241 et
1308 3200 1550 3253 peut-&tre
1568 3198 1696 3239 aussi
1715 3197 1757 3239 la
1779 3197 1903 3241 bulle
1925 3199 2099 3253 (bulla),
2123 3211 2196 3241 es·

273 3252 366 3300 uid,
392 3264 512 3306 pour
538 3264 611 3292 vos
633 3263 784 3292 omnes
806 3254 883 3293 Dii
904 3254 986 3306 qui
1008 3254 1186 3306 regiti's.
1243 3247 1358 3306 pece
1396 3252 1454 3293 de
1484 3250 1736 3292 medaiuon
1762 3251 1862 3293 d'or
1893 3264 1952 3293 ou
1985 3252 2197 3307 d'argent

240 3265 493 3348 [atinisme
511 3302 740 3356 frequent.
1281 3303 1359 3345 u'il
1378 3303 1552 3359 por-tait
1569 3316 1625 3344 au
1645 3315 1729 3346 cou
1749 3316 1867 3359 pour
1886 3303 1929 3345 le
1949 3306 2196 3358 preserver

290 3360 331 3400 2.
360 3361 480 3407 Fert,
538 3356 714 3410 reparo,
737 3368 957 3400 annonce.
1280 3369 1331 3399 es
1376 3356 1769 3399 enchantements.
1807 3378 1860 3388 —-
1905 3358 2048 3411 Quale
2081 3369 2196 3410 pos-

291 3413 331 3452 3.
372 3410 490 3464 Quid
547 3408 713 3460 erunt).
739 3430 784 3440 —
812 3411 1037 3454 Omnium.
1061 3410 1191 3453 Elles
1246 3411 1478 3453 set=tale
1508 3415 1557 3449 ut
1569 3415 1737 3461 posset.

239 3468 349 3506 sont
377 3468 570 3517 quatre:
606 3460 809 3514 Canidie,
841 3461 1032 3517 Sagana,
1061 3464 1189 3517 Veia,
1298 3466 1338 3505 7.
1376 3464 1623 3515 Implicata
1656 3463 1820 3515 viperis
1849 3462 1997 3502 crines
2023 3476 2078 3496 =
2103 3461 2195 3500 im·

241 3514 383 3558 Folia.
1280 3517 1441 3556 licatos
1457 3513 1629 3556 habens
1647 3516 1794 3556 crines
1815 3515 1994 3567 viperis,
2017 3524 2195 3555 comme

290 3572 331 3611 4.
368 3570 506 3611 Veris.
532 3567 582 3612 Si
601 3566 960 3610 veritablement
971 3572 1025 3610 tu
1042 3580 1093 3611 as
1117 3569 1191 3611 ete
1265 3579 1316 3610 es
1335 3566 1515 3609 Fut-ies.
