2690 4169
841 227 1159 287 SATIRAE,
1203 227 1288 283 ΙΙ,
1333 241 1436 274 111.

173 340 383 399 Errori
415 341 673 399 similem
705 354 986 401 cunctum
1019 341 1289 400 insanire
1320 343 1646 400 doceb0³⁵.

174 418 401 478 Insanit
426 432 668 478 veteres
701 433 932 479 statuas
965 421 1377 498 Damasippus
1410 423 1705 492 emend03

177 498 416 577 Integer
447 511 540 556 est
570 500 793 557 mentis
827 499 1186 577 Damasippi
1215 501 1525 559 creditor?
1556 501 1743 559 Esto:

178 602 205 631 (ι
234 579 460 656 Accipe
492 581 657 656 quod
685 600 992 657 nunquam
1025 580 1248 637 reddas
1280 580 1428 636 mihi
1467 604 1492 634 ))
1522 581 1574 638 si
1605 579 1716 637 tibi
1751 580 1947 639 dicam
1962 581 2036 652 θ’,

174 657 337 715 Tune
359 658 610 716 insanus
637 659 760 716 eris
783 659 835 715 si
863 658 1196 736 acceperis,
1227 679 1302 716 an
1327 659 1522 737 magis
1546 679 1761 717 excors

173 735 417 815 Rejecta
446 739 651 814 praeda
681 758 857 815 quam
899 757 1172 813 praesens
1203 738 1551 796 Mercurius
1585 739 1804 796 fert³⁷?

170 850 246 860 -
263 814 479 873 Scribe
497 818 708 873 decem
729 836 762 874 a
783 816 972 874 Nerio
996 817 1068 872 ³⁸.
1101 852 1179 859 —
1201 817 1340 876 Non
1367 829 1462 874 est
1494 817 1671 886 satis;
1706 820 1862 876 adde
1893 817 2124 878 Cicutae

171 894 403 953 Nodosi
432 896 671 954 tabulas
705 907 969 963 centum,
1003 895 1168 953 mille
1202 897 1355 953 adde
1391 897 1697 953 catenas³⁹
1729 919 1740 953 :

2047 900 2124 957 70

171 973 436 1053 Effugiet
465 986 664 1032 tamen
690 975 815 1032 haec
847 975 1181 1033 sceleratus
1209 975 1455 1033 vincula
1474 975 1740 1034 Proteus
1766 976 1839 1033 ⁴⁰.

172 1051 320 1111 Cum
345 1054 550 1130 rapies
579 1054 641 1111 in
661 1051 766 1132 jus
797 1054 973 1112 malis
1000 1055 1301 1112 ridentem
1332 1053 1638 1121 alienis⁴¹‚

170 1130 300 1190 Fiet
329 1152 496 1210 aper,
528 1134 709 1191 modo
742 1133 894 1201 aviS‚
932 1135 1113 1191 modo
1154 1152 1385 1201 saxum,
1422 1146 1502 1202 et,
1534 1153 1667 1191 cum
1698 1133 1884 1204 volet,
1911 1137 2119 1194 arbor.

172 1210 234 1268 Si
259 1213 410 1269 male
438 1232 566 1270 rem
596 1229 813 1291 gerere
846 1212 1045 1270 insani
1074 1213 1170 1282 'st,
1204 1225 1420 1270 contra
1442 1215 1621 1279 bene,
1645 1212 1865 1284 sani⁴²‚

169 1289 448 1349 Putidius
474 1291 661 1349 multo
692 1294 1012 1349 cerebrum
1045 1292 1140 1360 'st,

2048 1294 2125 1353 75

1175 1291 1322 1349 mihi
1357 1293 1561 1359 crede,
1595 1291 1811 1348 Perilli

167 1368 470 1429 Dictantis
502 1372 668 1448 quod
697 1382 761 1429 tu
802 1391 1111 1448 nunquam
1139 1370 1488 1428 rescribere
1529 1372 1736 1449 possis
1755 1371 1824 1428 ³³.

165 1590 331 1640 Priam,
364 1589 535 1631 mariee
568 1589 595 1629 8
620 1588 930 1643 Polymestor,
968 1588 1038 1631 roi
1066 1589 1126 1630 de

164 1643 355 1691 Thrace,
375 1641 499 1683 avait
515 1654 624 1692 recu
642 1652 728 1683 son
753 1640 876 1684 frere
894 1641 1125 1697 Polydoro

197 1708 281 1737 our
313 1694 357 1736 le
389 1695 558 1748 garder
588 1695 796 1748 pendant
829 1693 874 1734 le
901 1693 970 1736 sie
1007 1708 1030 1735 e
1064 1695 1124 1735 de

162 1709 317 1790 greio.
343 1748 683 1799 (V.Eunu²1m=:,
702 1746 895 1797 Hecube,
916 1752 963 1790 et
1024 1759 1122 1789 mo.

162 1804 244 1844 En.
266 1800 347 1851 111,
367 1802 419 1840 49
438 1805 486 1841 et
503 1799 639 1852 suiv.)
664 1799 971 1854 Polymestor,
991 1799 1125 1842 selon

162 1852 402 1905 Euripide,
425 1858 503 1894 tua
523 1852 767 1907 Polydore.
782 1851 920 1895 Selon
931 1866 1019 1894 une
1037 1866 1121 1894 au-

162 1914 235 1949 tre
253 1905 493 1956 tradition,
515 1904 664 1947 suivie
719 1918 770 1945 ar
795 1904 840 1947 le
866 1904 1003 1959 poete
1067 1917 1122 1948 ue

160 1958 408 2002 traduisait
427 1957 667 2008 Pacuvius,
709 1957 833 2000 lione
847 1958 972 2001 avait
989 1971 1043 2001 su
1080 1971 1124 2000 s·-

160 2012 279 2055 titue
296 2012 322 2052 a
349 2010 580 2065 Polydoro
611 2023 698 2052 son
719 2023 891 2066 propre
915 2011 990 2052 fils
1009 2011 1121 2053 Dei-

163 2064 308 2121 phile,
331 2077 422 2119 que
442 2064 524 2107 Pol
559 2070 735 2107 mestor
752 2063 806 2108 fit
823 2064 999 2106 mourir
1024 2065 1050 2107 a
1079 2064 1123 2106 18

197 2119 293 2160 lace
322 2118 380 2160 de
408 2131 495 2160 son
553 2114 789 2160 cau-frere.
819 2118 1031 2160 L'ombre
1063 2119 1122 2160 de

205 2171 391 2227 eiphile,
413 2172 710 2225 representee
728 2183 813 2224 par
830 2170 1019 2212 l’acteur
1043 2170 1124 2213 Ca-

160 2225 332 2273 tienus,
357 2223 665 2279 apparaissait
691 2224 717 2263 a
744 2223 888 2264 Ilione
912 2224 1123 2285 pendant

162 2290 251 2320 son
268 2276 498 2331 sommeil,
510 2281 556 2319 et
569 2276 612 2317 la
631 2275 772 2330 priait
786 2276 845 2317 de
860 2274 927 2317 lui
943 2277 1122 2318 donner

162 2329 208 2372 la
218 2329 473 2385 sepulture.
491 2333 558 2381 (V.
583 2327 813 2376 Clciinox,
832 2330 1120 2377 Tusculanes,

161 2384 199 2434 1,
218 2386 287 2424 44.
323 2382 438 2424 Mais
457 2382 493 2423 il
512 2382 665 2424 arriva
684 2394 773 2435 que
791 2380 965 2432 Fufius,
985 2387 1123 2433 ayant

159 2442 270 2490 trop
320 2449 362 2488 u,
379 2435 653 2477 s'endormit
670 2433 956 2475 reellement.
977 2434 1122 2476 Ilione

160 2502 220 2531 ne
240 2488 459 2543 repondit
477 2489 611 2542 point
629 2490 655 2529 a
675 2500 763 2529 son
780 2485 873 2537 fils,
903 2493 950 2528 et
978 2487 1123 2529 douze

160 2547 295 2583 cents
314 2540 530 2585 Catienus
552 2541 742 2586 (c.-a-d.
762 2546 870 2582 tous
895 2539 966 2582 les
993 2552 1124 2593 spec-

159 2596 354 2647 tateurs)
374 2593 441 2635 lui
456 2593 677 2636 erierent:
695 2597 903 2635 Materte
922 2592 1121 2646 appello.

161 2645 338 2695 Fufius,
358 2646 439 2709 qui
462 2647 679 2697 dot-maii,
709 2646 874 2687 c.-a-d.
893 2646 1056 2707 Jouait
1077 2645 1122 2686 le

161 2698 262 2741 role
282 2697 487 2749 d’Ihone,
509 2700 621 2742 etait
633 2699 874 2742 tellement
890 2711 992 2741 ιντο
1010 2697 1123 2753 qu’il

161 2750 423 2794 n'entendit
439 2750 556 2793 rien.

215 2807 284 2844 35.
335 2805 538 2845 Similem
582 2806 834 2856 (errorem)
890 2804 1118 2854 insanire,

159 2867 344 2898 comme
363 2866 426 2898 on
443 2855 530 2909 dit,
542 2869 757 2911 pugnare
766 2858 998 2911 praelium,
1022 2855 1121 2898 bel·-

161 2911 292 2997 lugb'.
322 2956 435 3004 Esto,
469 2954 574 3004 soit,
607 2954 723 2996 mais
747 2956 786 2997 si
804 2956 853 3010 je
876 2963 925 3001 te
957 2959 1042 3001 dis.
1065 2982 1120 2991 —

166 3011 216 3051 Si
249 3009 321 3048 tibi
351 3007 491 3049 dicam.
532 3010 579 3049 V.
611 3009 648 3047 si
681 3009 777 3047 dixit
812 3009 932 3054 ainsi
965 3012 1118 3067 placd,

166 3064 302 3117 Epit.
327 3062 368 3115 1,
392 3072 426 3110 1,
444 3060 512 3103 84.
532 3082 585 3091 -
611 3060 723 3112 Quod
746 3077 793 3098 =
821 3073 862 3102 ue
884 3065 940 3105 id.

214 3122 284 3159 37.
314 3116 509 3164 Excors,
541 3128 651 3157 sans
675 3115 986 3171 intelligence,
1008 3130 1119 3159 sans

157 3169 380 3213 cervelle.
404 3192 449 3199 —
468 3171 620 3221 Magis
644 3185 699 3204 =
720 3171 891 3221 potius.
912 3193 966 3202 —
992 3174 1120 3213 Prae-

155 3237 264 3265 sens
278 3224 546 3270 Mercurius,
567 3222 773 3262 Mercure
786 3220 1034 3265 favorable.
1060 3223 1121 3265 Ce

156 3276 272 3319 dieu
291 3274 519 3331 presidait
537 3275 562 3313 ἐι
579 3280 709 3317 toute
736 3272 902 3328 espace
934 3276 994 3317 de
1014 3276 1124 3331 gain

155 3336 208 3372 et
227 3330 289 3370 de
305 3326 593 3371 trouvailles.

212 3384 283 3424 38.
314 3380 464 3424 Scribe
487 3381 638 3421 decem
655 3379 828 3430 (millia
850 3382 1125 3432 sestertium)

155 3436 352 3476 aNerio.
371 3432 632 3478 Sterninius
658 3431 873 3473 continue
892 3432 951 3473 de
979 3445 1125 3486 prou-

154 3500 245 3543 νερ-
267 3501 357 3541 que
378 3487 492 3529 c’est
511 3498 598 3527 une
617 3484 728 3527 solie
748 3485 806 3525 de
825 3486 983 3539 preter
1012 3486 1035 3525 a
1067 3499 1126 3527 un

155 3540 350 3584 homme
371 3541 487 3583 dont
504 3551 566 3583 on
581 3537 701 3581 n'est
718 3550 804 3593 pas
824 3542 918 3592 sor,
946 3538 1125 3593 malgrd

1177 1594 1334 1631 tontes
1370 1588 1442 1631 les
1477 1589 1776 1643 precautions
1812 1589 2065 1645 possibles.
2086 1589 2127 1633 11

1178 1653 1386 1696 suppose
1403 1655 1494 1736 3110
1512 1641 1555 1683 le
1574 1643 1764 1695 preteur
1781 1644 1931 1697 prend
1948 1655 2025 1684 ses
2042 1647 2127 1684 sn-

1177 1697 1316 1745 retes,
1338 1701 1387 1736 et
1438 1700 1475 1736 lt
1493 1696 1518 1734 a
1536 1694 1868 1749 l’emprunteur
1886 1710 1895 1736 :
1920 1710 1939 1733 α
1962 1695 2126 1737 Eoris-

1177 1747 1270 1788 moi
1299 1747 1384 1789 dix
1415 1747 1543 1788 mille
1571 1754 1801 1789 serterces
1823 1749 1850 1789 a
1867 1746 2040 1791 l’ordre
2067 1749 2127 1791 de

1175 1799 1347 1842 Nerius
1368 1816 1388 1839 υ
1416 1800 1583 1853 (habile
1597 1800 1809 1850 usurier).

1227 1856 1294 1894 39.
1328 1854 1503 1903 Cicuta,
1528 1865 1718 1895 surnom
1741 1853 1849 1895 d'un
1861 1859 1991 1895 autre
2011 1866 2127 1895 usu-

1175 1905 1271 1946 rier
1303 1907 1487 1947 nomme
1514 1905 1746 1947 Perillius.
1775 1906 1842 1957 (V.
1870 1919 1917 1947 v.
1948 1906 2032 1958 75.)
2063 1904 2128 1947 'La

1176 1959 1310 2014 ciguii
1343 1965 1419 2000 est
1447 1972 1536 1999 une
1553 1958 1697 2000 herbe
1724 1957 1876 2000 amere
1895 1964 1942 2000 et
1959 1958 2125 2001 froide.

1175 2034 1227 2042 —
1246 2012 1426 2062 Nodosi,
1440 2017 1605 2052 retors.
1626 2011 1757 2054 Cette
1773 2010 1980 2066 epitheta
1996 2011 2129 2066 peint

1174 2063 1409 2106 l'habilete
1444 2077 1555 2105 avec
1585 2063 1784 2118 laquelle
1814 2064 1850 2106 il
1881 2063 2126 2117 entravait,

1176 2131 1261 2173 par
1315 2130 1393 2159 ses
1437 2118 1733 2171 precautions
1782 2121 2032 2169 extremes,
2082 2116 2128 2160 le

1176 2170 1384 2212 mauvais
1402 2170 1585 2213 vouloir
1604 2171 1662 2212 de
1691 2183 1769 2212 ses
1798 2171 2054 2214 debiteurs.
2074 2191 2128 2203 —-

1180 2224 1394 2286 Tabalas,
1445 2223 1747 2277 obligations,
1794 2230 2128 2287 engagements

1176 2276 2129 2394 {32333325efisstfissefizaissf03335·d}23

1176 2394 1303 2476 pogg.
1326 2433 1389 2494 Ce
1408 2433 1589 2484 Protee,
1612 2433 1658 2474 le
1678 2433 1893 2494 debiteur
1918 2434 1977 2476 de
1994 2446 2128 2475 mau-

1176 2487 1306 2528 vaise
1316 2485 1382 2528 fol
1433 2484 1478 2526 ui
1492 2498 1518 2525 a
1531 2485 1659 2528 mille
1673 2487 1903 2528 manieres
1918 2486 2130 2540 d’echap-

1175 2552 1261 2593 per
1279 2552 1335 2580 au
1354 2552 1404 2578 cr
1432 2537 1675 2589 ancier.V.,
1688 2551 1770 2580 sur
1784 2539 1965 2590 Proteo,
1986 2540 2128 2581 Vmo.

1179 2590 1338 2644 Gdorg.
1368 2591 1446 2642 IV,
1473 2593 1551 2632 405
1580 2596 1627 2632 et
1654 2591 1773 2633 suiv.
1808 2614 1861 2622 —-
1891 2595 1962 2640 Ut,
1994 2591 2129 2645 signe

1176 2645 1235 2686 de
1253 2643 1296 2684 la
1313 2642 1648 2705 comparaison,
1670 2650 1745 2685 est
1762 2644 2018 2698 supprime,
2038 2643 2131 2686 sui-

1173 2702 1288 2739 vant
1303 2695 1557 2738 l'habitude
1572 2695 1809 2737 d’Horace.

1227 2752 1295 2791 41.
1324 2750 1465 2789 Malis
1494 2749 1726 2790 ridentem·
1741 2749 1921 2796 alienis,
1943 2747 2065 2791 riant
2103 2748 2128 2789 ὲ

1176 2813 1263 2843 son
1300 2801 1412 2852 aise,
1451 2813 1562 2842 avec
1596 2814 1683 2843 une
1715 2801 1947 2843 machoire
1981 2801 2130 2843 d'em-

1175 2859 1318 2909 prunt
1342 2853 1455 2907 qu'il
1475 2866 1533 2894 ne
1551 2854 1701 2895 craint
1718 2866 1804 2908 pas
1822 2854 2131 2896 d’endomma-

1174 2919 1275 2962 ger.
1311 2906 1443 2949 Cette
1482 2907 1762 2961 expression
1796 2906 2051 2962 singuliere
2082 2913 2130 2950 et

1173 2959 1924 3055 affourf’hffixogscum*omnm-ise
1936 2961 1969 3055 la
1998 2961 2128 3055 ῌοῗ.

1174 3016 1714 3119 ἓθιῖεῗὲἕ,νίνε’ίοῗ·ῗέζου
1740 3027 1765 3055 Θ
1805 3027 1830 3054 Θ
1850 3026 1875 3054 a
1903 3026 1936 3069 p
1958 3019 2060 3056 atet
2105 3027 2131 3057 e

1224 3121 1292 3159 42.
1326 3120 1513 3160 Contra.
1539 3117 1782 3161 Suus-ent.
1810 3120 1866 3159 si.
1887 3119 1935 3160 Si
1965 3125 2131 3161 contra

1175 3170 1281 3212 bene
1300 3174 1415 3221 (rem
1431 3174 1606 3223 gerere)
1624 3173 1731 3212 sani
1749 3171 1965 3220 (hominis
1979 3174 2078 3221 est).

1227 3226 1295 3264 43.
1324 3225 1470 3264 Multo
1477 3224 1702 3276 putidius,
1722 3223 1959 3277 beaucoup
1975 3223 2131 3265 moins

1178 3276 1320 3317 saine.
1341 3298 1395 3306 —
1420 3276 1539 3316 Mihi
1557 3277 1687 3317 crede
1715 3276 1943 3318 s’adresse
1970 3277 1996 3315 a
2037 3277 2131 3317 Da·-

1176 3328 1293 3370 masi
1331 3340 1405 3390 pe.
1427 3350 1479 3358 —
1497 3330 1675 3376 Perilli,
1693 3342 1749 3369 au
1767 3327 1950 3383 genitis.
1978 3327 2132 3369 Peril-

1178 3380 1270 3423 lius
1293 3341 1467 3423 Eicuta.
1496 3383 1540 3421 V.
1561 3393 1607 3421 ν.
1639 3384 1705 3422 69.
1737 3403 1789 3411 -
1809 3381 2052 3430 Dictantis,
2081 3386 2131 3422 te

1178 3433 1350 3475 faisant
1382 3431 1526 3474 ecrire
1559 3445 1647 3475 une
1664 3433 1936 3488 obligation.
1961 3454 2015 3464 —
2039 3435 2131 3474 Ite-

1179 3486 1393 3536 scribere,
1405 3485 1553 3527 eerire
1574 3498 1632 3528 en
1651 3497 1761 3529 sens
1779 3482 2027 3539 contraire,
2046 3497 2129 3527 ac-

1182 3538 1372 3593 quitter,
1392 3550 1551 3595 payer.
