2690 4169
479 262 572 310 338

1134 259 1570 316 EPISTOLAE,
1620 259 1669 315 1,
1718 273 1788 306 11.

481 375 565 435 Ut
591 375 823 453 lippum
853 372 1029 452 pictae
1058 373 1296 443 tabulae,
1331 374 1597 432 fomenta
1626 374 1965 450 podagrum
1987 372 2059 443 ⁸¹,

480 454 805 514 Auriculas
838 452 1083 511 citharae
1114 453 1370 512 collecta
1399 454 1582 510 sorde
1614 451 1916 508 dolentes.

481 533 805 592 Sincerum
841 533 916 591 'st
943 532 1066 590 nisi
1095 533 1288 602 vas32,
1324 532 1751 611 quodcumque
1781 529 2053 587 infundis
2086 530 2330 590 acescit.

478 612 718 691 Sperne
746 611 1119 689 voluptatem
1155 633 1168 668 z
1204 623 1386 670 nocet
1416 622 1618 687 empta
1645 608 1860 667 dolore
1884 607 2169 684 voluptas
2186 609 2258 666 ³⁸.

479 691 741 769 Semper
769 710 989 750 avarus
1020 701 1158 769 eget
1170 713 1185 760 ;
1219 702 1452 748 certum

481 770 734 830 Invidus
764 770 1017 829 alterius
1047 770 1370 827 macrescit
1397 770 1585 826 rebus
1616 766 1872 844 opimis5

480 849 720 909 Invidia
750 848 943 907 Siculi
975 868 1097 907 non
1127 848 1419 906 invenere

476 928 677 1008 Majus
706 939 1076 987 tormentum
1090 928 1161 984 ³⁶.
1196 927 1317 1000 Qui
1347 947 1471 984 non
1500 924 1918 984 moderabitur
1956 926 2062 984 irae

483 1008 780 1067 Infectum
808 1007 975 1066 volet
1003 1025 1141 1065 esse
1171 1006 1353 1064 dolor
1376 1006 1539 1084 quod
1566 1004 1830 1063 suaserit
1860 1016 1918 1061 et
1948 1024 2121 1063 mens
2136 1006 2207 1075 ³⁶,

476 1087 636 1146 Dum
666 1106 880 1164 poenas
912 1085 1054 1144 odio
1084 1105 1195 1163 per
1223 1085 1345 1142 vim
1380 1085 1624 1142 festinat
1653 1082 1847 1141 inulto
1861 1084 1933 1140 ³⁷.

475 1167 576 1225 Ira
602 1166 835 1225 furor³⁸
866 1165 1072 1223 brevis
1103 1175 1197 1223 est
1230 1187 1242 1220 :
1272 1164 1536 1222 animum
1560 1163 1794 1241 rege³⁹,
1830 1163 1933 1241 qui
1958 1162 2079 1220 nisi
2112 1176 2307 1241 paret,

479 1245 775 1323 Imperat;
807 1244 969 1304 hunc
999 1244 1213 1312 frenis,
1249 1243 1411 1301 hunc
1441 1255 1505 1300 tu
1537 1261 1859 1320 compesce
1888 1254 2118 1299 catena.

475 1323 687 1403 Fingit
714 1343 935 1403 equum
964 1334 1177 1380 tenera
1206 1322 1466 1380 docilem
1498 1321 1735 1380 cervice
1765 1320 2060 1397 magister

477 1403 574 1461 Ire
603 1404 762 1462 viam
792 1421 912 1482 qua
939 1412 1241 1460 monstret
1271 1420 1458 1480 eques
1475 1423 1490 1470 ;
1519 1401 1834 1458 venaticus
1863 1419 1935 1456 ex

468 1482 779 1559 Tempore
811 1481 1116 1540 cervinam
1148 1480 1368 1558 pellem
1399 1479 1638 1538 latravit
1667 1480 1729 1537 in
1760 1478 1956 1537 aula⁴⁰

471 1560 696 1619 Militat
724 1561 788 1618 in
817 1560 993 1620 silvis
1020 1560 1253 1618 catulus
1288 1582 1301 1615 ι
1336 1579 1498 1617 nunc
1528 1559 1747 1616 adhibe
1778 1577 1932 1636 puro

474 1640 735 1699 Pectore
763 1641 953 1700 verba
975 1659 1150 1717 puer,
1184 1658 1345 1697 nunc
1375 1650 1434 1695 te
1464 1637 1888 1696 melioribus⁴²
1923 1636 2106 1708 offer;

468 1719 609 1794 Quo
642 1719 830 1778 semel
859 1729 953 1777 est
983 1719 1211 1777 imbuta
1239 1735 1459 1776 recens
1490 1716 1759 1776 servabit
1786 1717 2036 1774 odorem

468 1799 655 1858 Testa
685 1797 872 1856 diust.
912 1797 1089 1870 Quod
1122 1797 1174 1855 si
1205 1815 1415 1854 cessas
1446 1807 1548 1853 aut
1578 1807 1867 1853 strenuus
1898 1795 2180 1866 anteis⁴³‚

1475 701 1618 748 voto
1651 699 1787 765 pete
1817 688 1999 745 finem
2014 687 2087 744 ³⁴.
2365 612 2446 670 55

1450 847 1692 925 tyranni

2362 1009 2441 1066 60

1966 1420 2085 1478 quo
2357 1404 2435 1463 65

2348 1799 2424 1856 70

471 1877 599 1938 Nec
621 1879 865 1951 ,tardum
896 1876 1214 1954 opperior,
1246 1895 1361 1934 nec
1389 1874 1880 1954 praecedentibus
1909 1873 2094 1932 insto.

518 2074 587 2114 31.
614 2073 844 2119 Fomenta,
871 2074 1024 2113 sortes
1039 2070 1098 2112 de
1115 2074 1215 2112 cata
1250 2070 1421 2113 lasmes

461 2137 558 2181 que
585 2123 656 2166 les
688 2135 806 2179 gens
842 2122 1082 2165 effemines
1120 2136 1171 2165 se
1225 2122 1422 2166 aisaient

464 2181 635 2220 mettre
660 2188 779 2230 pour
806 2176 936 2219 avoir
962 2175 1110 2217 chaud
1142 2189 1232 2217 aux
1265 2176 1418 2231 pieds.
1443 2217 1450 2222 ,

471 2234 520 2272 V.
541 2223 783 2280 sanieque,
803 2230 858 2271 de
889 2231 941 2270 la
966 2230 1252 2279 Proclama-e,
1282 2232 1322 2270 4.
1356 2230 1420 2271 Le

457 2287 708 2346 goutteux‚
763 2280 810 2322 ui
828 2294 886 2324 en
902 2294 929 2322 a
952 2280 1132 2334 hemia,
1161 2281 1232 2323 les
1252 2287 1419 2324 trouve

463 2346 669 2389 insuppo
775 2333 862 2376 les.
882 2356 936 2366 —
953 2336 1165 2376 Dolentes
1182 2335 1315 2375 sorde
1344 2340 1419 2377 est

463 2387 676 2442 l'oppose
696 2387 756 2429 de
766 2393 1026 2442 purgatam
1039 2399 1200 2429 aurem
1213 2388 1273 2429 de
1287 2387 1415 2442 Epit.

463 2452 480 2483 1
517 2445 556 2482 7.

485 2472 497 2494 '
514 2496 578 2535 3².
638 2496 737 2542 Vas,
771 2492 1042 2548 metaphore
1076 2494 1347 2548 empruntee
1390 2493 1416 2534 'a

410 2551 415 2556 ⁴
461 2545 707 2598 Lucanos,
726 2547 806 2596 VI,
825 2549 892 2589 17.

514 2601 582 2642 38.
594 2601 776 2650 Dolore,
791 2611 886 2642 non
898 2598 942 2641 la
955 2598 1150 2642 douleur
1162 2598 1411 2654 physique,

455 2659 579 2702 mais
613 2658 659 2702 le
701 2659 917 2715 chagrin,
949 2658 995 2702 19
1047 2665 1220 2715 regi-et.
1259 2652 1412 2713 Φεῦγ’

459 2712 644 2773 ἡδονὴν
682 2713 923 2777 φέρουσαν
957 2713 1160 2776 ὕστερον
1196 2711 1410 2776 βλάόην.

510 2777 579 2816 84.
603 2778 787 2817 Certum
797 2776 949 2828 finem,
967 2774 1128 2817 unbut
1139 2775 1413 2817 determine.

386 2859 391 2864 -
458 2828 530 2870 Ne
565 2828 749 2869 desii-ez
778 2839 867 2882 pas
893 2828 1003 2882 plus
1031 2827 1215 2869 demain
1251 2828 1414 2881 qu’au-

474 2880 702 2923 ourd’hui.

451 2880 472 2936 ³
510 2936 579 2975 35.
624 2934 767 2976 Siculi
801 2934 1010 2986 tyranni.
1053 2931 1267 2974 Allusion
1309 2933 1336 2973 'a
1371 2932 1415 2973 la

459 2988 646 3028 cruente
678 2986 737 3028 de
768 2985 1002 3036 Phalaris,
1034 2984 1332 3039 &Agathocle
1366 2992 1414 3028 et

452 3044 508 3081 -et
526 3038 611 3081 des
630 3039 753 3080 deux
768 3039 937 3093 Denys.
958 3038 1145 3082 Socrate
1164 3037 1305 3079 disait
1321 3051 1413 3091 que

458 3090 624 3134 l’envie
644 3097 718 3134 est
734 3090 778 3132 la
801 3092 897 3134 scie
914 3092 974 3133 de
989 3090 1134 3132 l’ame.

510 3147 578 3186 36.
606 3146 831 3198 Infectam
859 3146 988 3186 volet.
1016 3143 1056 3185 11
1084 3156 1134 3184 se
1159 3141 1409 3196 repentira.

456 3218 510 3231 -
540 3198 695 3246 Dolor,
722 3196 768 3240 le
806 3196 1148 3240 ressentiment.
1190 3199 1235 3237 V.
1267 3196 1409 3239 Vmo.

457 3252 540 3292 En.
557 3251 593 3303 1,
613 3252 682 3293 25.
703 3272 758 3283 —
782 3253 923 3300 Mens,
952 3254 1303 3303 emportement,
1329 3262 1409 3290 ar-

450 3302 587 3347 deur.
628 3306 675 3346 V.
709 3302 798 3347 od.
827 3304 862 3352 1,
901 3313 997 3354 κεν,
1032 3304 1099 3352 22,
1133 3314 1230 3343 com
1264 3314 1409 3344 escere

459 3363 663 3405 mntem,
681 3361 729 3398 et
739 3356 827 3401 od.
840 3356 918 3407 IV,
931 3366 994 3406 tx,
1007 3357 1029 3395 7
1040 3370 1053 3407 :-
1067 3354 1226 3412 Epiffi
1253 3386 1265 3408 ,
1278 3358 1406 3410 u‚38.

1526 2072 1593 2112 37.
1611 2070 1829 2119 Festinat,
1845 2080 1963 2123 pour
1974 2071 2253 2123 sestitmter
2268 2071 2415 2125 exig-ie

1473 2144 1527 2156 —
1547 2125 1659 2166 odio
1675 2125 1835 2169 inulto,
1854 2135 1910 2164 au
1934 2123 2062 2174 datis,
2085 2124 2201 2166 dans
2227 2123 2430 2167 l'intenet

1475 2176 1533 2218 de
1552 2188 1604 2217 sa
1627 2176 1761 2217 haine
1781 2188 1874 2216 non
1892 2176 2121 2219 assouvie.

1524 2238 1591 2277 38.
1615 2240 1774 2285 Furor,
1797 2227 2103 2289 μανία,1“01ί9.
2128 2259 2183 2270 --
2199 2241 2319 2280 Dum
2336 2241 2428 2293 ses-

1472 2290 1608 2337 tinat,
1631 2303 1689 2331 en
1705 2290 2000 2344 precipitant.

1522 2352 1590 2392 39.
1618 2352 1855 2398 Animum,
1894 2343 1977 2390 τὸν
1996 2341 2168 2404 θυμόν,
2196 2351 2242 2394 la
2274 2351 2425 2406 partie

1470 2401 1694 2445 irritable.

1521 2458 1587 2498 40.
1624 2458 1809 2499 Pellem.
1840 2457 1912 2500 On
1938 2456 2128 2498 excitait
2167 2457 2236 2500 les
2255 2458 2423 2512 jeunes

1468 2507 1631 2550 chiens
1650 2521 1709 2550 en
1728 2509 1827 2551 leur
1850 2515 2086 2551 montrant
2112 2522 2174 2550 un
2202 2510 2303 2551 corf
2324 2524 2424 2553 em—

1465 2560 1622 2615 paille.
1642 2584 1695 2595 -
1711 2564 1938 2603 Latravit.
1963 2566 2006 2603 V.
2029 2562 2180 2616 Epod.
2201 2575 2247 2614 v,
2274 2566 2342 2605 58.
2370 2586 2424 2596 —

1465 2615 1620 2668 Fingit
1649 2616 1733 2664 ire,
1769 2627 1948 2656 comme
1984 2616 2112 2656 docet
2138 2617 2221 2664 ire,
2248 2629 2305 2657 au
2331 2616 2424 2659 lieu

1466 2668 1526 2708 de
1556 2668 1620 2708 ad
1654 2668 1865 2716 eundum,
1902 2674 1953 2707 ut
1983 2674 2074 2709 eat.
2106 2690 2160 2699 —
2186 2671 2421 2720 notastret,

1464 2732 1650 2775 pom-ra,
1666 2720 1844 2762 voudra
1858 2719 1922 2761 lui
1936 2726 2158 2763 montrer.

1516 2776 1584 2816 41.
1613 2772 1891 2814 Melioribus.
1919 2777 1965 2813 1⁷.
1990 2772 2116 2827 Eptt.
2142 2785 2173 2825 ι,
2193 2777 2262 2817 48.

1518 2828 1585 2867 42.
1618 2828 1764 2867 Testa.
1795 2828 1838 2866 V.
1869 2825 1955 2867 Od.
1979 2827 2057 2875 111,
2078 2836 2155 2878 xv,
2184 2830 2224 2868 4.
2254 2850 2307 2859 -
2332 2831 2420 2871 Re-

1468 2892 1585 2928 cens,
1607 2880 1734 2920 etant
1751 2876 1873 2919 neue.

1519 2934 1586 2974 43.
1614 2933 1662 2973 Si
1679 2943 1876 2972 cessas...
1911 2932 2071 2979 anteis,
2096 2931 2138 2973 si
2163 2937 2215 2973 tu
2236 2932 2422 2988 languis

1465 2996 1525 3026 ou
1544 2984 1654 3026 situ
1671 2996 1755 3024 vas
1775 2989 1881 3038 trop
1899 2983 1994 3025 vite
2013 2986 2151 3036 (antis
2164 2987 2313 3040 paruit
2333 2999 2421 3028 unc

1464 3036 1699 3079 meilleure
1712 3036 2039 3091 orthographe,
2063 3050 2305 3093 compat-ez
2329 3051 2421 3080 an-

1467 3091 1606 3142 thac).
1624 3090 1801 3130 Horace
1821 3096 1930 3131 veut
1949 3090 2087 3143 qu'on
2106 3103 2157 3132 se
2188 3092 2333 3145 garde
2362 3093 2422 3134 dc

1463 3146 1567 3185 tout
1584 3140 1737 3184 exces.
1770 3142 1807 3183 11
1834 3142 2060 3184 domando
2080 3144 2218 3197 qu’on
2246 3156 2304 3186 ne
2332 3147 2419 3186 nc·-

1463 3195 1593 3250 glige
1727 3194 1769 3235 la
1802 3194 2112 3251 philosophie,
2139 3196 2257 3239 mais
2316 3198 2419 3240 u’ou

1462 3260 1521 3291 ne
1536 3247 1605 3302 s'y
1640 3246 1739 3289 ivre
1752 3260 1838 3302 pas
1859 3260 1967 3290 sans
1987 3259 2187 3291 mesura.
2217 3253 2263 3291 V.
2330 3251 2417 3305 pit.

1462 3310 1527 3352 vt,
1542 3303 1675 3343 15-16.
1699 3323 1751 3332 —
1770 3300 1859 3345 Sur
1876 3302 1996 3356 quod
2012 3302 2068 3352 si,
2097 3305 2144 3345 V.
2164 3301 2291 3359 Epft.
2319 3313 2415 3356 xxx,

1462 3357 1526 3404 17,
1553 3359 1662 3395 note
1694 3357 1753 3396 το.
