2690 4169
456 238 545 286 226

1161 236 1491 292 SATIRAE,
1539 240 1588 293 1,
1637 254 1702 288 ιν

462 353 827 411 incolumem
854 371 1111 430 possum
1145 375 1157 409 z
1191 351 1374 410 simul
1403 372 1471 410 ac
1501 353 1811 412 duraverit
1839 365 1980 412 zetas

459 434 733 491 Membra
761 432 1142 510 animumque
1172 443 1365 491 tuum.
1396 432 1574 490 nabis
1614 432 1745 491 sine
1779 433 2087 492 cortice⁸⁸.
2127 456 2155 488 »
2191 432 2296 493 Sic
2324 455 2417 493 me

462 513 783 571 Formabat
807 530 1066 590 puerum
1095 510 1300 581 dictis,
1334 523 1415 581 et,
1450 510 1580 570 sive
1600 509 1855 591 jubebat

907 589 1034 660 uid,
1072 614 1099 644 α
1135 589 1341 649 Habes
1372 602 1680 648 auctorem
1711 611 1830 669 quo
1864 591 2046 650 facias
2077 591 2194 652 hoc
2225 615 2254 648 2>

462 591 540 651 Ut
570 592 835 650 facerem

2305 515 2419 573 120

479 670 681 730 Unum
713 690 787 729 ex
805 611 1120 749 juffiicibus
1151 669 1398 728 selectis
1429 667 1869 749 objiciebat⁵⁰);

506 750 600 810 ive
628 751 890 819 vetabat,
930 771 956 803 α
988 747 1087 807 An
1116 747 1233 807 hoc
1260 748 1650 807 inhonestum
1681 760 1740 807 et
1766 747 1979 807 inutile
1994 749 2043 786 ⁶⁰
2073 751 2231 810 factu

458 829 663 889 Necne
695 829 796 900 sit,
830 827 1173 897 addubites,
1206 827 1423 906 flagret
1449 847 1694 887 rumore
1725 829 1941 886 malo⁶¹
1976 849 2109 887 cum

461 908 575 967 Hic
603 922 781 988 atque
810 907 953 966 ille?
985 931 1013 962 2>
1047 905 1282 966 Avidos
1296 907 1344 943 ⁶²
1375 906 1643 966 vicinum
1673 907 1853 966 funus
1883 921 1948 966 ut
1976 927 2176 987 aegros

2303 911 2413 969 125

461 987 778 1046 Exanimat
804 986 1141 1064 mortisque
1172 1000 1334 1045 metu
1366 985 1485 1044 sibi
1513 1006 1769 1065 parcere
1801 987 1986 1066 cogit,

459 1067 562 1126 Sic
590 1079 837 1126 teneros
868 1066 1103 1124 animos
1134 1065 1329 1124 aliena
1356 1065 1697 1144 opprobria
1725 1085 1886 1144 saepe

461 1146 825 1206 Absterrent
850 1144 1039 1204 vitiis,
1074 1144 1169 1202 Ex
1196 1143 1313 1204 hoc
1342 1164 1483 1223 eg0‚
1518 1164 1703 1203 sanus
1734 1146 1808 1203 ab
1841 1145 1964 1203 illis
1979 1145 2028 1182 ⁶³

460 1225 802 1285 perniciem
831 1243 1221 1302 quaecumque
1251 1225 1474 1294 ferunt,
1505 1224 1920 1283 mediocribus
1949 1237 2009 1283 et
2035 1225 2174 1304 quis

460 1305 753 1384 Ignoscas
781 1303 949 1363 vitiis
977 1315 1212 1361 teneor.
1247 1302 1559 1362 Fortassis
1590 1315 1649 1361 et
1675 1303 1859 1363 istinc

2302 1306 2414 1364 130

461 1384 741 1463 Largiter
769 1382 1089 1442 abstulerit
1116 1382 1302 1461 longa
1328 1395 1494 1453 aetaS,
1528 1382 1747 1441 liberm
1778 1382 2030 1454 amicus,

461 1462 799 1522 Consilium
829 1461 1179 1541 proprium3
1210 1481 1409 1541 neque
1440 1462 1624 1532 enim,
1658 1481 1792 1520 cum
1822 1462 2079 1522 lectulus
2110 1477 2210 1522 aut
2237 1484 2331 1524 me

459 1543 745 1602 Porticus
774 1541 1033 1632 excepit,
1067 1542 1280 1600 desum
1309 1540 1518 1600 mihim⁵
1555 1563 1567 1597 z
1608 1565 1634 1595 α
1669 1541 1920 1600 Rectius
1950 1542 2067 1601 hoc
2097 1555 2221 1614 est;

461 1622 596 1681 Hoc
628 1622 856 1680 faciens
884 1640 1081 1679 vlvam
1111 1620 1329 1680 melius
1345 1643 1360 1691 3
1396 1620 1488 1679 sic
1517 1620 1715 1679 dulcis
1748 1621 1957 1679 amicis

460 1702 792 1761 Occurram
808 1724 823 1772 ;
856 1699 973 1758 hoc
1002 1699 1245 1778 quidam
1274 1719 1401 1758 non
1429 1700 1649 1758 belle⁶⁶
1665 1723 1680 1770 ;
1710 1700 2006 1778 numquid
2035 1718 2149 1778 ego
2179 1701 2267 1759 illi
2300 1704 2411 1761 135

460 1781 825 1860 Imprudens
839 1780 886 1814 ⁶⁷
918 1779 1063 1838 olim
1092 1778 1304 1836 faciam
1335 1779 1575 1836 simile?
1608 1802 1636 1834 »
1674 1778 1816 1837 Haec
1848 1799 1964 1858 ego
1993 1798 2225 1838 mecum

461 1859 855 1938 Compressis
886 1859 1048 1936 agito
1078 1858 1268 1916 labris
1285 1882 1300 1928 ;
1333 1858 1440 1916 ubi
1471 1858 1617 1936 quid
1648 1859 1825 1916 datur
1854 1858 1961 1929 oti,

460 1939 657 1998 Illudo
689 1937 916 1997 chartis
931 1937 1002 1993 ⁶⁸.
1037 1937 1173 1995 Hoc
1202 1950 1295 1995 est
1323 1937 1740 1995 mediocribus
1774 1936 1897 1995 illis

460 2019 553 2079 Ex
578 2018 746 2078 vitiis
774 2036 962 2075 unum
975 2016 1023 2051 ⁶⁹
1039 2038 1054 2088 3
1089 2016 1186 2075 cui
1218 2016 1271 2075 si
1301 2016 1640 2074 concedere
1669 2016 1853 2087 noliS,

458 2099 651 2158 Multa
679 2109 996 2175 poetarum
1022 2095 1227 2155 veniet
1255 2097 1555 2165 manus70,
1591 2096 1813 2155 auxilio
1846 2116 1977 2174 quae

512 2284 579 2323 58.
608 2281 856 2322 Dur-averit
901 2278 1040 2333 (actif)
1099 2277 1312 2322 fortifier.
1357 2300 1410 2309 —

464 2335 656 2377 Cortice.
693 2333 766 2376 On
802 2331 1002 2375 revetait
1033 2310 1168 2374 d’une
1203 2330 1410 2374 cuii-asse

461 2388 519 2430 de
534 2385 656 2442 liege
673 2398 790 2427 ceux
806 2385 886 2440 qui
897 2384 1202 2440 apprenaicnt
1213 2385 1238 2425 ὲ
1247 2396 1408 2438 nager.

512 2443 580 2483 59.
608 2438 844 2482 Judicibus
856 2440 1047 2481 selectis.
1073 2433 1266 2491 D’apres
1279 2436 1324 2478 la
1347 2435 1409 2478 loi

457 2494 666 2542 Aurelia,
693 2491 737 2533 le
769 2492 959 2546 preteur
993 2491 1050 2532 de
1072 2489 1118 2533 la
1143 2489 1256 2532 ville
1276 2488 1410 2531 choi-

458 2545 635 2599 sissait‚
661 2544 811 2601 parmi
837 2544 908 2587 les
936 2545 1193 2595 senateurs,
1213 2543 1284 2585 les
1307 2542 1412 2584 che-

457 2598 632 2641 valiers
679 2604 727 2640 et
769 2597 840 2640 les
895 2596 1080 2640 tribuas
1129 2597 1191 2638 du
1238 2597 1408 2648 mesor,

460 2656 539 2694 360
579 2663 838 2707 personnes
873 2662 993 2706 pour
1027 2649 1255 2692 l’assister
1292 2649 1411 2690 dans

458 2706 528 2748 les
559 2705 854 2768 jugements,
891 2704 918 2745 a
954 2716 1046 2758 peu
1084 2702 1196 2759 pres
1233 2713 1411 2743 comme

458 2758 529 2801 ies
558 2760 703 2813 jures.
729 2780 781 2789 -
808 2755 1003 2799 Jubebat
1032 2761 1082 2796 ut
1110 2758 1328 2810 facerem,
1355 2767 1413 2795 au

459 2810 552 2853 lieu
578 2811 636 2852 de
671 2823 740 2851 me
773 2811 953 2872 facere.
972 2808 1104 2852 Cette
1132 2813 1330 2863 syntaxe
1360 2819 1412 2849 se

458 2863 663 2905 trouvait
711 2862 813 2916 deJa
859 2862 976 2902 dans
1027 2860 1243 2913 ciceron,
1293 2860 1412 2902 dans

461 2915 643 2958 Hirtius
687 2920 734 2956 ot
769 2915 887 2956 dans
927 2914 1112 2964 Plaute,
1160 2918 1208 2954 et
1249 2911 1413 2955 devint

459 2980 592 3009 assez
616 2978 858 3009 commune
876 2965 1012 3022 apres
1035 2965 1081 3007 le
1104 2962 1246 3007 siecle
1267 2965 1412 3007 d'Au-

497 3026 613 3063 uste.

460 3034 493 3076 g
515 3077 581 3115 60.
610 3072 801 3120 Inutile,
833 3070 1032 3113 funeste.
1070 3092 1115 3101 —
1151 3071 1225 3111 An
1256 3071 1412 3111 add-u—

464 3126 588 3173 ὂίτεε,
615 3131 759 3168 est-ce
792 3136 882 3178 que
913 3136 998 3178 par
1022 3121 1194 3164 hasard
1214 3127 1266 3165 tu
1289 3123 1412 3165 dou-

462 3178 657 3222 terais...
678 3176 699 3219 ἰ’
733 3198 786 3209 -
822 3180 939 3223 Hoc,
979 3175 1090 3218 telle
1127 3175 1297 3229 chose;
1335 3175 1412 3218 hie

464 3239 601 3294 atque
621 3232 715 3277 ille,
739 3228 806 3272 tel
825 3235 873 3271 et
894 3229 976 3271 tel.
1000 3226 1151 3284 Api-es
1173 3228 1270 3277 hoc,
1292 3240 1413 3283 sup-

462 3284 594 3341 pleez
622 3281 957 3337 l'interrogatif
985 3294 1055 3330 ne,
1091 3280 1331 3325 cori-elatis
1351 3282 1411 3324 de

463 3349 616 3381 necne.
648 3339 696 3379 V.
718 3348 767 3379 v.
786 3337 839 3377 44
862 3340 909 3377 et
931 3337 997 3376 62.

506 3389 576 3431 61.
615 3389 778 3441 Flagret
815 3399 966 3425 rumore
996 3384 1117 3434 malo,
1154 3388 1228 3425 est
1258 3380 1418 3437 l’objet

2302 2101 2414 2157 140

1519 2281 1583 2320 62.
1623 2278 1811 2327 Ανίἀοε,
1859 2278 1940 2333 qui
1990 2280 2180 2323 veulent
2224 2294 2417 2337 manger

1463 2331 1643 2386 malgre
1669 2330 1714 2372 le
1739 2331 1966 2374 medecin.

1516 2387 1584 2426 63.
1617 2385 1732 2425 Illis.
1755 2384 1987 2428 Snus-ent.
2017 2386 2153 2427 vitiis.

1519 2439 1585 2478 64.
1615 2437 1760 2478 Liber.
1790 2442 1836 2478 V.
1857 2444 1965 2480 note
1985 2441 2053 2480 50.
2072 2460 2127 2471 —
2147 2440 2290 2481 Istinc
2313 2442 2417 2482 lar-

1462 2490 1586 2542 giter
1631 2489 1873 2532 abstulerit
1906 2507 1962 2527 =
1992 2492 2185 2532 istorum
2232 2493 2419 2546 largam

1458 2549 1647 2596 partem
1703 2542 1958 2591 abstulerit,
2021 2544 2196 2586 εμὲ-(1.
2250 2547 2415 2589 multa.

1462 2597 1682 2649 Larglter
1698 2609 1809 2638 avec
1827 2595 1871 2637 le
1892 2596 2072 2651 genitis,
2094 2608 2272 2639 comme
2292 2601 2417 2642 mul-

1467 2654 1578 2697 tum,
1602 2661 1653 2691 se
1677 2653 1842 2692 trouve
1865 2649 1983 2690 dans
2008 2649 2183 2693 Plauto.

1520 2704 1586 2743 65.
1616 2703 1875 2743 Lectulus...
1896 2704 2155 2756 porticus...
2182 2702 2345 2755 Qunnd
2367 2704 2417 2760 jo

1466 2753 1567 2796 suis
1591 2766 1647 2795 au
1679 2753 1750 2805 lit,
1777 2756 1804 2796 a
1842 2754 1886 2795 la
1911 2755 2208 2809 promenade.
2241 2758 2307 2807 V„
2335 2769 2419 2799 sm·

1464 2805 1537 2848 les
1578 2806 1839 2860 poi-tiques,
1882 2808 2134 2861 nummus,
2177 2811 2314 2850 Rome
2355 2822 2418 2853 au

1464 2855 1598 2901 siecle
1636 2859 1895 2912 d'Auguste,
1932 2859 2032 2903 lett.
2068 2863 2136 2913 18,
2169 2866 2204 2904 t.
2242 2861 2329 2913 10¹⁸,
2367 2876 2414 2926 p.

1466 2914 1560 2952 378.
1592 2933 1645 2943 —-
1676 2915 1843 2953 Desum
1880 2913 2010 2954 mihi.
2052 2912 2219 2956 C.-a·d.
2260 2927 2350 2969 que
2368 2928 2417 2971 Je

1466 2963 1681 3006 rdssdchis
1719 2976 1801 3006 sur
1836 2965 1944 3017 moi,
1973 2966 2021 3020 Je
2053 2979 2178 3008 veux
2209 2967 2418 3022 corriget

1465 3029 1565 3059 mes
1603 3016 1799 3059 defauts.
1841 3041 1894 3049 —
1930 3021 2024 3060 Aut
2059 3031 2143 3067 me,
2181 3031 2302 3073 pour
2335 3027 2418 3062 aut

1459 3069 1669 3125 porticus
1692 3083 1776 3111 me.
1805 3074 1853 3112 V.
1875 3070 1963 3115 od.
1984 3072 2020 3122 1,
2047 3082 2143 3124 xnt,
2167 3074 2207 3113 6.

1519 3125 1583 3163 66.
1615 3125 1715 3164 Non
1739 3122 1864 3165 belle.
1897 3122 2141 3167 Sous-ent.
2162 3126 2291 3179 fecit.

1518 3178 1585 3237 ⁶⁷:
1617 3177 1898 3229 Imprudens,
1934 3176 2058 3219 faute
2086 3176 2164 3233 d’y
2195 3177 2311 3220 faire
2342 3184 2418 3222 at-

1463 3233 1658 3271 tention.

1518 3283 1583 3321 68.
1617 3281 1765 3322 llludo
1785 3282 1974 3330 chartis,
1990 3281 2041 3337 je
2064 3282 2108 3324 le
2126 3289 2248 3326 mets
2268 3296 2327 3327 en
2343 3296 2419 3327 me

1458 3333 1624 3389 jouant
1643 3346 1724 3375 sur
1746 3347 1855 3377 mon
1873 3348 1932 3389 pa
1968 3333 2052 3376 ier.

1518 3388 1585 3427 69.
1615 3389 1685 3428 Ex
1718 3388 1918 3429 mediocr
1967 3400 2020 3431 us
2049 3388 2148 3432 tute
2185 3390 2320 3438 vitiis,
2359 3390 2419 3432 de

459 3443 543 3485 des
573 3438 789 3483 mauvais
810 3450 895 3502 pro
931 3448 998 3480 os.
1040 3435 1235 3479 ciceron
1258 3434 1326 3478 dit
1359 3434 1417 3477 de
1465 3450 1544 3481 ces
1567 3438 1750 3482 defauts
1774 3438 1931 3495 legere
1963 3440 2079 3483 dont
2100 3440 2180 3497 j'ai
2207 3441 2351 3498 pax-le,
2371 3448 2420 3487 et

456 3495 606 3538 meme
630 3496 685 3546 sla
714 3507 801 3532 rare
835 3506 873 3532 m
895 3491 1013 3530 amia.
1039 3511 1093 3520 —
1120 3487 1283 3541 Flagret
1313 3500 1414 3533 cum,

465 3549 512 3589 V.
539 3558 600 3590 au
623 3558 670 3589 v.
685 3508 746 3590 {0
770 3551 819 3588 et
841 3555 964 3599 page
982 3554 1138 3591 xxxvi,
1164 3552 1224 3581 au
1245 3540 1345 3584 baS.

1466 3490 1606 3544 qu'on
1619 3493 1857 3547 pai-donne
1875 3492 2113 3536 aisement.

1519 3547 1581 3585 70.
1611 3548 1789 3588 Manus.
1816 3546 1964 3588 Toute
1983 3545 2029 3587 la
2044 3551 2212 3601 troupe
2227 3547 2311 3588 des
2328 3546 2418 3589 fai-
