2690 4169
869 244 1302 299 EPISTOLAE,
1353 243 1402 299 1,
1452 256 1578 290 xlv.
2081 203 2210 288 ⁸367

196 334 199 337 Ι
247 355 472 435 Meque
499 367 558 414 et
585 369 644 415 te
667 380 682 427 3
715 376 853 414 nam
882 378 1014 434 quae
1042 359 1288 416 deserta
1313 369 1375 416 et
1399 356 1714 433 inhospita
1739 366 1956 434 tesqua

228 434 473 506 ,Credis
504 456 738 494 amoena
758 448 935 495 vocat
962 457 1194 494 mecum
1226 437 1331 514 qui
1362 436 1633 504 sentitw,
1662 446 1722 492 et
1750 436 1880 492 odit

252 514 399 587 Quae
427 526 492 573 tu
518 515 778 594 pulchra
807 528 1004 592 putaS.
1037 515 1266 574 Fornix
1291 515 1406 573 tibi
1435 528 1496 573 et
1522 526 1705 573 uncta
1730 512 2025 593 popina¹⁴

2129 435 2207 492 20

253 593 562 652 Incutiunt
590 594 763 652 urbis
789 595 1184 664 desiderium,
1215 594 1419 677 video,
1448 606 1507 652 et
1538 595 1703 672 quod

251 672 534 750 Angulus
565 673 681 731 iste
708 674 861 731 feret
888 675 1068 751 piper
1100 687 1158 732 et
1186 673 1327 731 thus
1359 674 1530 732 ocius
1555 672 1758 742 uva15,

256 751 384 809 Nec
413 752 616 810 vicina
644 755 856 810 subest
882 753 1091 810 vinum
1121 755 1397 829 praebere
1427 754 1683 810 taberna

258 830 404 902 Quae
433 831 633 907 possit
659 831 792 900 tibi,
827 851 939 889 nec
967 833 1257 890 meretrix
1284 831 1537 889 tibicina
1559 828 1729 909 cujus

2131 829 2207 885 25

255 908 354 966 Ad
384 911 704 987 strepitum
735 910 914 968 salias
944 923 1121 970 terrae
1147 912 1357 988 gravis
1373 934 1387 981 3
1425 923 1483 968 et
1511 922 1711 968 tamen
1740 927 1925 987 urges

258 988 288 1046 J
296 989 630 1065 ampridem
656 1009 779 1047 non
797 1001 954 1047 tacta
978 990 1290 1069 ligonibus
1316 1009 1479 1059 arva,
1509 992 1846 1067 bovemque

258 1066 644 1146 Disjunctum
673 1088 849 1127 curas
882 1081 940 1126 et
969 1069 1200 1126 strictis
1232 1069 1556 1127 frondibus
1581 1066 1879 1145 exples¹⁶.

257 1146 447 1204 Addit
476 1167 631 1226 opus
655 1148 837 1227 pigro
868 1148 1122 1217 rivus1⁷,
1158 1148 1211 1205 si
1239 1147 1469 1206 decidit
1495 1148 1712 1216 imber,

258 1224 452 1284 Multa
478 1228 635 1284 mole
665 1228 979 1285 docendus
1010 1227 1217 1305 aprico
1244 1247 1501 1306 parcere
1523 1237 1723 1305 prato.

2129 1223 2206 1281 30

339 1305 514 1364 Nunc
545 1326 656 1384 age
681 1307 828 1384 quid
859 1320 1136 1364 nostrum
1166 1318 1527 1365 concentum
1556 1305 1787 1363 dividat
1814 1302 1975 1362 audi.

263 1384 458 1457 Quem
486 1397 702 1443 tenues
733 1387 992 1443 decuere
1024 1399 1180 1464 togae
1208 1386 1508 1463 nitidique
1538 1383 1762 1462 capilli,

260 1463 453 1537 Quem
483 1464 647 1522 nosti
674 1464 947 1522 bibulum
977 1465 1177 1522 media
1203 1466 1278 1522 de
1307 1465 1442 1523 luce
1465 1463 1711 1522 Falerni
1729 1463 1802 1532 ¹⁸,

260 1542 428 1601 Cena
454 1543 661 1601 brevis
681 1541 852 1620 juvat
881 1554 940 1600 et
966 1563 1161 1620 prope
1191 1544 1388 1602 rivum
1419 1562 1671 1601 somnus
1698 1543 1762 1599 in
1792 1540 2004 1611 herba,

258 1621 386 1680 Nec
411 1621 636 1679 lusisse
665 1623 874 1697 pudet,
909 1623 1018 1678 sed
1046 1641 1171 1679 non
1198 1622 1470 1679 incidere
1498 1622 1705 1680 ludum
1723 1620 1795 1677 ¹⁹.

2126 1620 2202 1677 35

258 1699 396 1757 Non
426 1700 565 1758 istic
596 1700 845 1778 obliquo
871 1701 1048 1758 oculo
1078 1720 1212 1758 mea
1242 1701 1559 1758 commoda
1583 1700 1904 1777 quisquam

255 1778 534 1847 Limat2⁰‚
567 1798 691 1836 non
717 1779 859 1836 odio
891 1781 1156 1837 obscuro
1186 1799 1517 1857 morsuque
1544 1789 1833 1847 venenat3

256 1857 483 1915 Rident
510 1858 697 1916 vicini
727 1859 938 1936 glebas
971 1870 1030 1915 et
1058 1878 1202 1916 saxa
1229 1858 1657 1918 moventem21.

258 1935 411 1994 Cum
443 1937 640 1995 servis
670 1941 906 1995 urbana
932 1938 1185 1995 diaria2²
1212 1939 1434 1997 rodere
1464 1938 1685 2007 mavis3

255 2015 490 2074 Horum
519 2016 670 2075 tuin
695 2037 1012 2076 numerum
1040 2027 1183 2076 voto
1212 2017 1364 2075 ruiS.
1401 2015 1640 2077 Invidet
1663 2036 1839 2074 usum

305 2178 371 2216 13.
413 2178 601 2228 Tesqua,
644 2186 705 2215 ou
749 2180 883 2221 tesca,
919 2179 1018 2216 mot
1053 2172 1202 2226 sabin,

251 2227 510 2269 manv-aises
544 2233 695 2269 terres
739 2226 956 2268 incultes.
1001 2226 1204 2268 Lucilius

250 2281 374 2323 avait
387 2279 599 2335 employe
618 2292 669 2320 ce
687 2285 802 2330 mot,
821 2279 902 2372 gui
914 2280 1205 2333 appan-tenait

251 2333 485 2375 d'ailleurs
506 2334 530 2373 ἐι
560 2332 606 2373 19
631 2332 799 2386 langue
858 2346 885 2372 u
904 2344 1019 2386 pays
1045 2332 1204 2373 habite

249 2400 335 2441 par
353 2386 396 2428 le
418 2387 609 2427 villicus.
625 2408 677 2415 —
701 2388 873 2425 Mecum
887 2386 1039 2431 sentit,
1058 2397 1203 2438 pense

250 2452 428 2481 comme
457 2438 565 2480 moi.
591 2461 643 2468 —
678 2439 765 2490 Qui
788 2450 962 2479 mecum
986 2441 1126 2478 sentit
1151 2450 1202 2479 ea

251 2493 445 2547 (tesqua)
464 2498 593 2533 vocat
606 2501 803 2532 amoena.

304 2549 370 2586 14.
401 2546 587 2592 For-nix,
625 2543 721 2585 lieu
752 2543 812 2583 de
840 2540 1113 2584 debauches.
1147 2564 1201 2574 —-

251 2601 413 2646 Uncta,
431 2609 610 2651 grasse,
628 2595 805 2638 9.-9-(1.
834 2594 944 2636 sale.
967 2595 1201 2637 Peut-etre

246 2650 424 2693 vaut-il
452 2650 611 2691 mieux
637 2649 764 2704 expli
804 2660 899 2698 uer,
926 2660 1012 2701 par
1029 2647 1199 2702 hypal-

247 2701 353 2757 lage
373 2717 383 2743 :
400 2704 460 2743 οὺ
482 2702 575 2744 l’on
593 2715 760 2756 mange
812 2713 863 2742 es
880 2706 1001 2741 mets
1023 2712 1133 2754 gras
1150 2705 1199 2742 et

247 2767 521 2797 savoureux.
550 2759 595 2797 V.
621 2756 748 2809 Epit.
768 2764 844 2805 xv,
860 2756 928 2804 43,
949 2760 997 2795 et
1013 2763 1109 2804 xvl,
1129 2755 1196 2803 23,

247 2820 299 2849 ce
323 2811 422 2848 mot
438 2807 554 2848 dans
572 2806 643 2850 les
661 2809 785 2850 deux
810 2818 936 2848 sens·
971 2810 1017 2848 V.
1033 2817 1198 2848 encore

247 2860 375 2914 Epit.
399 2870 513 2908 xvn,
534 2863 598 2901 12.

302 2916 366 2954 15.
390 2913 530 2966 Quod,
552 2917 642 2955 etc.
660 2915 707 2953 3·
730 2912 852 2966 sujet
873 2912 933 2953 de
951 2913 1194 2960 incutiunt,

246 2965 394 3007 forme
431 2964 515 3006 des
556 2965 680 3006 deux
708 2964 1027 3019 propositions
1061 2966 1195 3018 seret,

243 3017 396 3060 subest
409 3030 425 3057 .-
443 3016 541 3058 cela
557 3029 723 3059 encore
740 3023 789 3059 te
806 3018 890 3060 fait
906 3023 1137 3072 regrotter
1154 3016 1199 3057 la

244 3069 358 3114 ville
398 3069 554 3111 savoir
572 3082 663 3122 que
689 3069 735 3111 le
760 3082 878 3124 pays
896 3084 954 3112 ne
974 3070 1198 3124 produise

246 3135 332 3178 pas
348 3102 407 3165 (19
422 3123 518 3165 vin.
531 3124 661 3163 Ber-et
676 3122 781 3163 thus
801 3124 924 3164 ocius
940 3135 1050 3170 uva,
1074 3122 1197 3165 loeu-

245 3176 347 3218 tion
373 3175 587 3228 ironique
618 3173 699 3227 qui
729 3174 936 3217 contient
968 3188 1029 3216 un
1053 3187 1198 3229 argu-

244 3234 375 3271 ment
406 3241 438 3270 a
465 3229 669 3282 fortiori,
696 3239 876 3268 comme
907 3228 1025 3270 dans
1055 3229 1197 3271 Vino.

246 3283 346 3335 Egi.
367 3282 403 3333 1,
424 3284 620 3325 eozAnte
640 3288 752 3324 leves
780 3295 879 3332 ergo
912 3290 1127 3332 pascentur
1154 3288 1198 3324 in

245 3339 393 3378 aethere
407 3339 531 3377 cervi.
555 3332 617 3375 Ce
634 3337 742 3374 tour
755 3337 829 3373 est
841 3344 971 3372 assez
984 3332 1199 3386 frequent

247 3386 364 3427 dans
383 3383 456 3427 les
472 3381 654 3439 poetes.
671 3407 725 3417 —
741 3387 844 3431 Iste,
865 3386 926 3425 οὺ
948 3389 1001 3425 tu
1015 3385 1199 3428 demeu-

178 3453 187 3466 '
245 3450 333 3480 Pes.

297 3493 365 3533 16.
390 3492 696 3544 Disjunctum,
720 3488 871 3531 detelc
888 3488 1026 3543 apres
1045 3489 1089 3531 19
1108 3496 1198 3532 tra-

245 3542 354 3586 vail.
372 3565 427 3577 —
456 3545 637 3587 Strictis
663 3542 926 3598 frondibus,
951 3542 1023 3585 On
1050 3554 1197 3585 nour-

2130 2015 2207 2072 40

1262 2174 1423 2218 rissait
1442 2174 1513 2217 les
1532 2173 1683 2216 boeufs
1710 2174 1768 2215 de
1785 2172 1970 2215 feuilles
2005 2171 2204 2214 d’arbre.

1259 2251 1312 2259 -
1338 2231 1584 2282 Str-ingere,
1613 2226 1767 2270 tailler
1788 2229 1862 2278 (en
1889 2232 2073 2268 serrant
2097 2238 2208 2267 avec

1260 2280 1303 2322 la
1317 2281 1441 2323 main
1455 2281 1661 2335 gauche).
1691 2284 1737 2321 V.
1754 2281 1893 2322 Vmo.
1916 2281 2016 2332 Egi.
2033 2279 2109 2331 IX,
2127 2282 2204 2320 60:

1259 2340 1333 2377 Hic
1350 2341 1420 2378 ubi
1432 2341 1577 2378 densas
1596 2339 1791 2386 Agricolae
1806 2339 2011 2384 stringunt
2023 2339 2203 2375 frondes.

1313 2398 1379 2436 17.
1407 2396 1558 2444 Rivus,
1579 2394 1623 2435 la
1643 2393 1861 2447 Digence.
1890 2393 1955 2434 Le
1982 2404 2092 2432 vers
2111 2395 2162 2431 30
2181 2404 2207 2431 a

1259 2446 1383 2487 deux
1415 2459 1587 2511 coupes
1619 2446 1930 2499 trocha'iques.
1967 2448 2014 2486 V.
2047 2445 2204 2485 Notice

1256 2511 1338 2541 sur
1358 2501 1422 2541 les
1439 2506 1618 2549 metr-es,
1639 2502 1659 2549 5
1676 2501 1719 2551 4,
1737 2501 1800 2541 4⁰.

1310 2568 1377 2606 18.
1396 2568 1577 2613 Tenues,
1593 2564 1653 2605 de
1668 2563 1759 2605 fine
1776 2562 1913 2605 laine.
1928 2584 1979 2593 —
1993 2565 2203 2610 Decuere,

1255 2617 1492 2667 autrefois,
1511 2617 1667 2670 quand
1680 2616 1715 2657 il
1734 2615 1848 2658 etait
1851 2614 1975 2709 1plus
1985 2615 2140 2669 jeune.
2154 2635 2208 2646 —

1253 2671 1410 2712 Media
1427 2671 1481 2711 de
1500 2672 1614 2712 luce.
1643 2672 1691 2711 V.
1711 2668 1805 2711 Sat.
1826 2669 1846 2710 1
1874 2699 1885 2719 ,
1903 2678 2004 2719 vm,
2021 2670 2063 2708 3.

1307 2726 1374 2764 19.
1389 2723 1577 2770 Lusisse,
1594 2722 1653 2762 de
1667 2721 1804 2763 s'etre
1818 2721 1991 2762 amuse.
2012 2723 2061 2762 V.
2079 2719 2206 2773 Epit.

1254 2777 1313 2826 ΙΙ,
1334 2786 1386 2827 11,
1405 2778 1498 2817 214.
1518 2797 1570 2804 -
1587 2775 1805 2822 Incidere,
1827 2785 1911 2814 cou
1950 2785 2015 2822 er,
2031 2778 2206 2814 retran-

1254 2829 1381 2880 cher,
1408 2833 1577 2870 mettre
1608 2826 1673 2869 fin
1704 2826 1912 2881 (aujourd
1961 2825 2021 2877 ui,
2047 2826 2074 2866 9
2099 2837 2209 2867 mon

1254 2883 1373 2935 age).
1394 2884 1493 2923 Non
1518 2880 1710 2933 (pudet).
1735 2901 1789 2912 —
1810 2878 2002 2929 Lucium,
2029 2889 2208 2921 comme

1256 2936 1419 2983 lusum,
1445 2933 1516 2975 les
1539 2931 1741 2987 plaisirs.

1305 2997 1374 3038 20.
1390 2996 1555 3041 Limat,
1572 2993 1770 3035 cherche
1783 2993 1811 3034 9
1827 2991 1979 3043 limer,
1999 2991 2026 3032 21
2038 2991 2210 3034 amoin-

1254 3047 1368 3096 drir,
1400 3059 1578 3089 comme
1605 3045 1649 3087 19
1682 3044 1785 3089 font
1817 3045 1887 3087 les
1916 3056 2036 3099 gens
2065 3045 2125 3086 de
2164 3044 2210 3085 19

1250 3100 1383 3152 ville,
1418 3100 1499 3154 qui
1521 3105 1631 3142 sont
1663 3098 1831 3142 'aloux.
1858 3119 1912 3129 —
1947 3097 2206 3147 Commoda,

1251 3153 1465 3248 Ronheur
1484 3168 1493 3195 :
1514 3164 1650 3207 comp
1672 3153 1827 3194 ement
1844 3151 1930 3193 des
1954 3150 2079 3191 deux
2096 3162 2208 3191 ver-

1286 3219 1354 3249 93.

1306 3275 1375 3314 21.
1399 3272 1577 3314 Rident.
1600 3270 1684 3315 Ses
1706 3269 1890 3313 voisins
1915 3280 1967 3310 39
1983 3272 2209 3330 moquent

1254 3339 1316 3367 un
1342 3337 1434 3379 peu
1466 3324 1524 3364 de
1543 3323 1609 3365 lui
1632 3323 1789 3377 quand
1817 3322 1851 3363 il
1867 3320 1952 3362 fait
1971 3319 2207 3374 l’agricul-

1251 3384 1357 3421 teur
1370 3393 1382 3428 3
1397 3376 1514 3418 mais
1531 3375 1567 3417 il
1584 3376 1687 3418 n’en
1705 3380 1779 3417 est
1797 3385 1881 3429 pas
1898 3373 2072 3425 Nesse,
2087 3384 2211 3416 com·

1253 3442 1328 3474 me
1352 3430 1415 3472 du
1440 3430 1611 3482 regat-d
1626 3428 1815 3483 oblique
1833 3427 1891 3468 de
1910 3425 2153 3467 l'envieux.

1304 3492 1372 3530 22.
1421 3490 1604 3537 Diana,
1653 3487 1806 3531 ration
1837 3483 2118 3541 joui-nauem
2149 3485 2209 3529 de

1251 3541 1479 3585 l’esclave.
