2690 4169
466 153 523 199 48

1103 149 1192 197 CA
1211 150 1479 226 RMINA,
1530 151 1581 207 I,
1628 166 1794 200 xx1x.

860 266 1123 324 Gestans
1156 285 1306 323 aena
1318 289 1333 336 ;
1372 286 1485 324 nec
1519 269 1834 327 severus¹²

817 344 1028 403 Uncus
1062 346 1233 402 abest
1264 344 1683 424 liquidumque
1715 347 2050 424 plumbum.

2344 351 2422 408 20

657 463 744 523 Te
778 463 935 541 Spes
968 474 1026 521 et
1056 463 1192 521 albo
1224 483 1364 521 rara
1394 463 1577 522 Fides
1611 465 1756 523 colit

654 543 866 601 Velata
940 543 1183 611 anno¹³‚
1218 562 1331 601 nec
1365 544 1645 601 comitem
1683 545 2008 624 abnegatst

917 634 1198 700 tcumque
1230 634 1457 681 mutata
1486 634 1767 700 potentes

814 700 999 760 Veste
1031 702 1311 759 domos¹⁵
1343 701 1591 759 inimica
1618 701 1868 780 linquis.

654 819 735 877 At
764 820 986 898 vulgus
1019 819 1267 877 infidum
1302 830 1360 876 et
1392 819 1681 877 meretrix
1712 832 1877 879 retro

2336 824 2415 884 25

654 897 915 979 Perjura
943 899 1133 969 cedit;
1169 897 1498 977 diffugiunt
1527 899 1696 957 cadis

851 977 1002 1037 Cum
1036 978 1175 1035 faece
1208 977 1517 1036 siccatis¹⁶
1548 978 1746 1046 amici,

812 1057 1000 1115 Ferre
1023 1054 1238 1136 jugum
1272 1057 1503 1134 pariter
1536 1057 1824 1115 dolosi¹⁷.

654 1173 941 1234 Serves¹⁸
974 1176 1196 1232 iturum
1232 1173 1533 1232 Caesarem
1565 1174 1628 1232 in
1661 1174 1908 1234 ultimos

651 1253 839 1312 Orbis
873 1254 1227 1323 BritannoS‚
1264 1266 1322 1312 et
1342 1252 1635 1333 juvenum
1665 1274 1882 1313 recens

2333 1260 2414 1318 30

850 1333 1118 1390 Examen
1152 1332 1302 1391 Eois
1333 1334 1670 1391 timendum

811 1412 1100 1470 Partibus
1133 1410 1501 1490 Oceanoque
1531 1415 1741 1471 rubro.

652 1530 825 1589 Eheu
859 1531 1206 1588 cicatricum
1240 1543 1297 1588 et
1329 1531 1648 1589 scele1-is1⁹
1681 1533 1867 1609 pudet

652 1609 1075 1688 Fratrumque.
1114 1610 1276 1683 Quid
1307 1630 1423 1668 nos
1454 1613 1607 1668 dura
1634 1612 1970 1689 refugimus

844 1689 1018 1747 AEtas
1045 1691 1068 1745 Ξ)
1098 1689 1244 1767 quid
1277 1689 1565 1747 intactum
1595 1690 1878 1747 nefasti2⁰

2328 1694 2408 1753 35

805 1768 1167 1847 Liquimus?
1197 1771 1357 1826 unde
1390 1789 1627 1826 manum
1650 1767 1940 1849 juventus

644 1888 811 1946 Metu
843 1885 1114 1945 Deorum
1146 1886 1486 1944 continuit?
1515 1887 1739 1964 quibus

648 1966 937 2044 Pepercit
968 1965 1137 2024 aris?
1167 1964 1218 2023 O
1251 1966 1478 2024 utinam
1511 1966 1726 2024 nova²¹

495 2193 557 2231 12.
591 2192 785 2235 Severus,
804 2185 885 2240 qui
902 2186 1022 2229 tient
1041 2185 1114 2228 les
1133 2185 1391 2227 materiam:

442 2243 722 2286 solidement
743 2240 878 2282 fixeS.

494 2299 559 2337 13.
589 2298 718 2336 Rara
739 2294 881 2341 Fides,
903 2304 1041 2346 parce
1064 2303 1153 2345 que
1176 2290 1246 2331 les
1264 2289 1391 2332 vrais

441 2349 557 2390 amis
587 2352 695 2388 sont
717 2358 858 2387 rares.
883 2367 935 2376 —
953 2344 1067 2385 Albo
1078 2356 1251 2398 panno,
1268 2355 1393 2398 sym-

441 2401 547 2444 bole
571 2400 867 2442 d'innocence
889 2397 1023 2451 (albo)
1049 2404 1097 2439 et
1120 2397 1178 2438 de
1202 2396 1391 2451 simpli-

440 2455 530 2497 cite
554 2453 757 2506 (panno).

494 2518 559 2556 14.
593 2513 810 2554 Comitem
828 2513 909 2563 (se)
927 2510 1139 2565 abnegat,
1157 2522 1392 2565 accompa-

476 2581 532 2610 ne
556 2567 625 2608 les
649 2564 907 2620 grandeurs
933 2564 1148 2606 dechucs.
1175 2562 1390 2618 L'ellipse

440 2580 498 2662 gc
529 2632 575 2662 se
611 2619 760 2673 pax-ait
792 2618 997 2671 strange.
1022 2617 1095 2660 On
1125 2617 1182 2659 lit
1217 2629 1391 2670 cepen-

441 2675 553 2715 dant
583 2672 698 2713 dans
731 2671 883 2713 Ovum
908 2685 918 2711 :
950 2672 998 2712 Si
1027 2682 1123 2724 qua
1153 2682 1390 2723 repugna-

438 2733 518 2768 rat
537 2726 730 2766 nimium
749 2724 1042 2777 comitemque
1069 2729 1266 2775 negarat
1288 2725 1361 2773 (se)
1377 2738 1389 2773 ;

439 2785 486 2821 et
508 2779 623 2820 dans
646 2779 786 2818 Vino.
806 2791 814 2817 z
841 2777 979 2816 Alma
987 2787 1160 2828 parens
1182 2778 1392 2828 consessa

440 2833 575 2873 deam
600 2833 659 2881 (se
683 2832 803 2880 esse).

491 2887 556 2925 15.
591 2886 849 2936 Utcumque,
865 2886 1021 2923 tontes
1036 2880 1106 2922 les
1118 2879 1210 2921 fois
1230 2893 1333 2934 que.

436 2960 489 2969 —
512 2940 697 2977 Mutata
717 2941 830 2976 veste
854 2946 905 2976 se
920 2939 1137 2988 rapporte
1152 2946 1241 2974 aux
1263 2932 1390 2987 puis-

438 2996 595 3032 santes
617 2986 833 3038 familles,
858 2993 1065 3039 potentes
1092 2987 1258 3033 domos,
1280 2985 1389 3026 mai-

438 3054 549 3085 sons
575 3041 791 3090 dechues,
817 3044 864 3081 et
884 3040 998 3080 dont
1017 3038 1059 3079 la
1080 3039 1388 3093 somptuosite

437 3101 510 3137 est
530 3094 744 3136 deti-uite.

490 3150 554 3188 16.
588 3148 726 3189 Cadis
751 3146 935 3186 siccatis
957 3156 1060 3186 cum
1080 3146 1204 3198 soece,
1267 3144 1389 3185 uand

437 3201 506 3243 les
541 3212 677 3241 vases
708 3199 780 3251 (de
813 3204 937 3239 terre
968 3200 1027 3238 οὺ
1059 3209 1120 3238 on
1184 3209 1235 3237 ar
1270 3196 1388 3238 eles

436 3253 556 3304 vins)
591 3260 698 3295 sont
734 3251 920 3305 epuises
946 3250 1024 3304 jus
1062 3251 1130 3290 u’n
1178 3263 1204 3290 a
1240 3249 1316 3301 lie,
1341 3256 1390 3291 et

439 3307 574 3361 qu'ils
594 3311 676 3347 ont
697 3310 800 3346 tout
824 3303 1010 3345 devoro.
1074 3316 1097 3344 e
1117 3304 1258 3344 cadus
1283 3313 1390 3344 con-

437 3360 583 3402 teuait
601 3371 688 3400 une
707 3356 928 3411 amphore
952 3361 1000 3397 et
1023 3356 1189 3406 demie,
1206 3361 1388 3397 trente-

437 3413 550 3455 ncuf
578 3413 602 3453 ἐι
626 3416 846 3465 quarante
875 3408 1035 3451 litres:
1069 3413 1114 3451 V.
1142 3407 1385 3462 amphora,

437 3466 523 3510 Od.
547 3475 655 3515 xxX,
682 3467 744 3505 11.

1499 2189 1566 2228 17.
1596 2187 1752 2227 Dolosi
1795 2199 1895 2228 erre
1916 2187 2233 2229 =dolosiores
2261 2200 2400 2242 quam

1448 2245 1498 2279 ut
1533 2240 1709 2293 serant.
1804 2238 2059 2281 ellcnisme.
2102 2263 2154 2272 —
2197 2243 2396 2287 Pariter.

1445 2303 1556 2334 avec
1576 2291 1699 2333 l'ami
1719 2292 1865 2334 ruine.

1499 2354 1564 2393 18.
1594 2354 1758 2400 Ser-ves,
1792 2364 1902 2394 sens
1921 2351 2103 2406 optatis,
2131 2345 2320 2403 σώζοις.
2337 2356 2400 2399 Co

1447 2404 1704 2457 subjonctif
1731 2418 1757 2445 a
1776 2405 1879 2459 deja
1907 2407 1980 2447 ete
2009 2410 2251 2460 remei-que
2284 2409 2399 2451 dans

1446 2458 1516 2500 les
1534 2457 1756 2499 for-mules
1785 2458 1844 2499 de
1864 2456 2059 2512 prieres.
2087 2462 2133 2501 V.
2152 2460 2240 2503 od.
2260 2472 2310 2513 11,
2329 2465 2396 2504 45.

1444 2533 1498 2543 --
1518 2514 1684 2552 Recens
1706 2523 1912 2559 examen,
1935 2510 2174 2553 nouvelles
2196 2526 2397 2558 recrues.

1498 2566 1563 2606 19.
1583 2564 1859 2605 cicatricum
1873 2569 1916 2604 et
1928 2565 2123 2613 sceleris,
2138 2566 2301 2608 ces-d.
2314 2568 2401 2610 des

1446 2615 1687 2658 cicatrices
1703 2617 1761 2659 de
1775 2628 1861 2659 nos
1881 2616 2066 2659 crimes.
2080 2639 2133 2649 —
2151 2622 2398 2661 Fratrum-

1445 2682 1545 2724 que‚
1581 2675 1629 2711 et
1664 2669 1722 2710 de
1759 2681 1845 2712 nos
1882 2666 2031 2711 freres
2066 2670 2250 2713 tombes
2286 2685 2401 2716 sous

1445 2735 1532 2785 nos
1564 2734 1649 2784 con
1686 2734 1725 2773 s,
1752 2720 1969 2765 victimas
2003 2723 2061 2764 de
2088 2735 2175 2766 nos
2202 2736 2399 2779 guerres

1446 2787 1638 2817 crimme
1678 2787 1744 2817 es.

1497 2831 1563 2869 20.
1592 2828 1786 2881 Nefasti‚
1822 2840 1879 2868 au
1907 2826 2092 2881 pluriel.
2119 2827 2181 2872 Ce
2213 2835 2312 2871 mot
2345 2843 2397 2872 se

1446 2880 1516 2923 dit
1536 2886 1767 2922 rerement
1795 2880 1879 2922 des
1943 2893 2181 2931 ersonnes,
2211 2894 2268 2923 au
2302 2882 2395 2925 lieu

1445 2934 1503 2975 de
1531 2934 1720 3026 nelarii.
1741 2956 1793 2963 --
1820 2937 1885 2975 Un
1922 2946 1956 2981 e,
1984 2933 2137 2975 c.-z·1-d.
2167 2946 2311 2989 aqua
2328 2949 2391 2985 re,

1444 2998 1476 3027 a
1491 2988 1573 3040 qui
1604 2998 1654 3027 us
1672 2986 1816 3027 rebus.

1496 3042 1562 3079 21.
1602 3042 1728 3080 Nova
1772 3039 1931 3079 incude
1979 3038 2225 3091 diffingere
2257 3057 2309 3076 =
2339 3041 2394 3081 de

1444 3103 1556 3132 novo
1575 3103 1634 3132 ou
1662 3103 1822 3133 rursus
1849 3091 2093 3144 diffingere
2121 3092 2295 3134 incude.
2331 3093 2393 3134 Le

1442 3150 1542 3186 mot
1551 3144 1789 3185 ordinaire
1801 3150 1875 3186 est
1888 3144 2125 3236 refugere.
2137 3146 2394 3199 Disfingere

1444 3209 1502 3237 ne
1531 3209 1581 3238 se
1601 3203 1765 3239 trouve
1827 3209 1882 3237 ue
1949 3208 2031 3236 ans
2063 3196 2281 3249 nomon,
2311 3198 2392 3252 qui

1444 3248 1634 3290 ailleurs
1671 3249 1776 3291 l’em
1831 3249 1904 3290 oie
1942 3248 2056 3289 dans
2092 3248 2162 3292 les
2182 3262 2292 3293 sens
2332 3251 2392 3293 de

1445 3302 1638 3354 decrit-e,
1690 3302 1765 3344 ein
1801 3315 1865 3353 re,
1883 3306 1930 3342 et
1948 3307 2392 3358 corrompre.—Re-

1445 3362 1610 3396 tusum.
1697 3357 1799 3397 eme
1843 3352 2013 3407 emploi
2056 3366 2148 3408 que
2194 3355 2310 3397 dans
2347 3356 2391 3398 la

1443 3411 1489 3448 3⁶
1523 3408 1799 3449 Catilinaire
1831 3407 1889 3448 de
1923 3405 2135 3449 thssnon
2162 3421 2172 3448 :
2205 3408 2392 3451 Gladios

1447 3462 1496 3500 in
1515 3460 1846 3514 rempublicam
1862 3459 2102 3501 destrictos
2120 3461 2390 3513 retudimus,
